3142 5482
496 224 674 276 stereometris
692 224 866 276 Archimedes
1278 231 1339 292 557

22 402 164 467 minores
187 407 263 468 sunt
285 420 381 484 qnam
404 397 659 465 circumferentia
681 399 800 480 circuli,
829 404 863 465 et
889 398 1053 467 duodecim
1080 402 1184 468 lineae
1213 403 1268 468 DF
1290 404 1342 470 vel

23 493 76 556 FB
100 495 177 578 suut
198 495 335 577 majores
357 509 455 572 quam
476 488 736 554 circumferentia.

76 618 78 624 2
112 584 174 646 Est
195 586 304 645 autem·
324 579 380 645 DB
397 577 489 641 'latus
515 577 679 659 sexanguli
702 577 864 661 regularis
881 577 1015 661 aequale
1036 576 1097 662 ipsi
1118 580 1173 644 AB
1195 581 1341 646 semidia-

22 676 139 733 metro.
194 666 380 749 Sex-igitur
410 665 634 731 semidiametri
663 667 735 745 AB,
765 666 828 730 hoc
858 673 908 730 est
937 674 1006 731 tres
1033 666 1180 732 diametri
1209 670 1261 734 CB
1291 670 1343 735 vel

22 757 197 838 (diametro
212 758 251 820 in
263 763 279 820 7
297 755 447 838 aequalia
462 753 576 833 divisa)
590 759 628 817 21
647 756 803 836 septimae
817 761 891 819 sunt
905 755 1066 819 breviores
1078 757 1341 825 circumferentia.

115 846 259 911 Vicissim
282 865 355 911 cruu
370 844 440 922 DG,
464 842 519 908 GR
542 843 607 906 sint
629 843 806 926 aequales,¹
819 845 879 908 erit
900 844 955 908 (ΞΒ
978 844 1142 909 dimidium
1163 840 1262 930 ipsius
1277 847 1342 911 AB.

22 933 229 1012 Quadratum
260 939 336 998 rerd
365 933 420 997 AB
450 930 589 1015 aequale
618 938 667 996 θεῖ
698 932 816 1016 junctis
846 933 923 1011 AG,
955 930 1010 996 (ΞΒ
1041 934 1206 1015 quadratis
1236 941 1268 1000 θῖ
1294 942 1344 1000 θεῖ

22 1023 244 1107 qnaslruplum
274 1021 425 1106 quadrati
453 1021 516 1098 GB,
546 1040 622 1103 ergo
649 1021 708 1085 AG
739 1028 788 1086 est
817 1020 953 1104 triplum
980 1022 1128 1104 quadrati
1151 1024 1217 1089 GB.
1261 1024 1339 1091 Pro·

22 1113 133 1196 portio
155 1113 255 1195 igitur
276 1110 508 1194 quadratorum
529 1109 585 1173 AB
607 1114 639 1173 et
661 1109 720 1174 AG
742 1115 791 1173 est
814 1111 1018 1191 sesquitertia
1046 1111 1214 1191 linearum,
1245 1112 1344 1195 igitur

23 1202 84 1275 AB
105 1207 138 1279 et
161 1204 219 1266 AG
241 1198 406 1286 proportio
428 1204 476 1263 est
495 1197 804 1280 semi-sesquitertia,
828 1198 948 1266 scilicet
963 1218 1010 1277 ea,
1033 1220 1116 1281 quae
1135 1211 1344 1266 numerorum

26 1293 158 1354 100000
182 1290 355 1362 θῖ86603.
401 1286 445 1351 Ut
466 1306 542 1350 reno
564 1291 613 1350 est
634 1287 692 1351 AG
715 1286 758 1350 ad
781 1285 853 1367 AB,
883 1288 928 1351 sic
949 1293 998 1352 est
1021 1287 1076 1353 GB
1099 1288 1141 1353 ad
1163 1288 1232 1368 BF,
1265 1310 1342 1372 ergo

24 1380 125 1443 etiam
147 1379 229 1442 inter
251 1379 307 1443 GB
329 1382 361 1441 et
381 1375 434 1440 BF
458 1381 507 1439 est
528 1374 695 1458 proportio
717 1375 1030 1458 semi-sesquitertia,
1051 1383 1097 1455 ut,
1122 1380 1200 1460 quia
1215 1378 1274 1445 GB
1295 1384 1344 1444 θεῖ

24 1467 190 1535 dimidium
218 1467 318 1550 ipsius
345 1464 409 1543 AB,
440 1464 562 1528 scilicet
593 1468 709 1543 50000‚
742 1463 795 1528 BF
824 1463 941 1531 talium
970 1465 1211 1549 particularum,
1225 1465 1345 1532 habeat

25 1561 135 1620 57737
160 1556 314 1638 proxime.
349 1552 526 1618 Duodeoies
548 1553 645 1635 igitur
658 1557 785 1620 sumtus
800 1572 949 1616 uumerus
971 1553 1032 1617 iste
1051 1557 1154 1638 major
1169 1556 1231 1619 erit
1246 1576 1345 1639 quam

25 1645 281 1709 circumferentia
316 1641 435 1707 circuli.
481 1640 647 1721 Colligitur
677 1661 826 1704 numerus
861 1644 1004 1722 477974,
1029 1643 1170 1724 qualium
1190 1643 1345 1709 diameter

23 1730 124 1797 habet
148 1735 287 1797 200000.
332 1732 374 1796 lit
397 1730 538 1813 qualium
554 1730 710 1794 diameter
731 1727 830 1793 habet
854 1729 1022 1811 'fstalium
1042 1737 1116 1796 suut
1137 1732 1171 1796 in
1186 1731 1239 1797 BF
1262 1732 1340 1798 duo·

25 1821 132 1886 decies
154 1828 258 1886 sumta
282 1825 334 1900 24,
365 1820 469 1883 minus
500 1838 565 1882 una
595 1817 727 1881 decima.
771 1817 876 1903 Major
905 1818 1002 1900 igitur
1032 1825 1081 1884 θεῖ
1109 1819 1160 1885 hic
1191 1840 1345 1885 numerus

23 1912 95 1993 ipsa
110 1910 388 1987 'circumferentis3
419 1909 652 1977 minorantem
681 1906 793 1977 eadem
824 1911 896 1970 erat
917 1904 1076 1971 numerus
1091 1912 1144 1974 21.
1188 1910 1230 1977 Εῖ
1251 1914 1344 1994 patet

23 1999 68 2064 ad
90 1998 230 2077 oculum,
253 2018 363 2062 arcum
386 1996 440 2060 BE
456 1995 635 2080 propiorem
655 2014 724 2059 esse
745 1995 807 2079 ipsi
829 1995 894 2076 BG,
921 2015 1019 2078 quam
1040 1996 1093 2062 BF
1115 1998 1226 2063 lineae.
1274 1998 1342 2063 cir·

23 2087 235 2152 cumferentia
260 2088 358 2169 igitur
388 2085 518 2169 propior
546 2089 596 2147 θεῖ
624 2104 755 2149 numero
787 2087 843 2165 21,
876 2104 974 2166 quam
1003 2106 1136 2153 numero
1167 2093 1209 2153 24
1238 2088 1343 2152 minus

23 2197 94 2240 una
116 2176 248 2241 decima.
283 2175 415 2240 Ponitur
429 2173 535 2256 igitur,
553 2171 594 2236 ab
611 2175 649 2235 21
667 2171 833 2257 recessisse
847 2191 907 2256 per
924 2178 954 2253 1;
973 2172 1015 2238 ah
1030 2166 1134 2239 altero
1148 2196 1224 2242 vero
1246 2179 1342 2259 per'2

23 2267 131 2345 minue
153 2286 217 2328 uua
239 2264 372 2342 decima,
396 2269 432 2327 nt
455 2263 496 2326 sit
523 2260 674 2325 nimirum
698 2265 763 2326 22.
796 2261 883 2326 Haec
912 2268 1020 2326 autem
1045 2261 1139 2346 longe
1161 2265 1343 2329 accuratius

22 2354 227 2418 demonstrat
245 2350 453 2418 'Archimedes
476 2349 508 2414 in
530 2349 641 2433 liguris
671 2349 888 2430 multilatera,
920 2356 957 2415 ut
984 2355 1059 2415 sunt
1089 2350 1212 2436 figurae
1237 2357 1342 2432 12,24,

23 2448 68 2509 48
93 2439 247 2506 laterum:
265 2441 453 2505 ⁴ubietiam
476 2436 619 2522 apparet,
652 2438 782 2522 paulum
815 2437 894 2520 quid
924 2438 1032 2504 deesse
1058 2440 1341 2522 circumferentiae,

24 2553 92 2615 quo
118 2531 221 2596 minus
244 2532 285 2595 sit
299 2534 381 2595 22·
406 2525 567 2594 Adrianus
597 2525 756 2592 Romanus
780 2526 897 2591 eadem
925 2528 1074 2594 methodo
1102 2528 1342 2609 demonstrarit,
1377 2566 1384 2574 ·
1441 2595 1446 2605 ,

23 2621 51 2684 si
75 2620 233 2686 diameter
256 2618 366 2684 circuli
389 2621 516 2682 secetur
538 2617 571 2680 in
593 2623 702 2700 partes
725 2618 1109 2699 20000000000000000,
1132 2626 1213 2684 tunc
1230 2618 1345 2683 talium

23 2710 167 2794 partium
190 2709 558 2774 62831853071795862
581 2704 649 2768 fere
671 2724 738 2769 esee
760 2703 794 2768 iu
810 2704 1065 2771 circumferentia
1090 2706 1113 2786 ).

92 2803 310 2873 'Episagma
350 2803 396 2855 Ex
415 2798 503 2854 trihus
523 2797 601 2853 lineis
621 2798 769 2852 sectionum
795 2798 961 2862 coniectum,
983 2815 1054 2870 quae
1073 2801 1220 2870 parabole,
1241 2796 1342 2870 hyper·

23 2885 98 2943 bole.
121 2882 223 2951 ellipsis
244 2882 377 2943 dicuntur,
399 2879 501 2948 ellipsis
521 2885 566 2932 est
584 2878 680 2932 circuli
698 2880 819 2940 aemula,
841 2884 871 2931 et
890 2880 1072 2933 demonstrari
1092 2880 1119 2933 in
1140 2879 1287 2934 comment.
1309 2882 1344 2933 de

22 2963 145 3017 motibus
170 2963 267 3017 Martis
293 2965 360 3026 (Vol.
378 2966 423 3016 111.
442 2981 467 3029 p.
485 2962 567 3026 401),
588 2957 786 3027 longitudinem
807 2958 944 3026 ellipticae
973 2958 1073 3013 lineae·
1091 2974 1151 3013 sese
1180 2961 1284 3013 habere
1310 2962 1346 3013 ad

22 3043 146 3097 medium
166 3042 367 3096 arithmeticum
385 3040 458 3111 inter
477 3041 545 3092 duas
566 3037 629 3108 ejus-
645 3037 815 3108 diametros,l
830 3053 910 3121 quae
923 3037 985 3093 axis
1009 3044 1101 3093 rectus
1122 3047 1152 3093 et
1171 3046 1344 3094 transversus
1440 3034 1448 3055 '

22 3124 163 3186 dicuntur,
183 3122 306 3178 similiter
326 3126 358 3176 ut
378 3121 414 3175 22
436 3121 471 3173 ad
493 3121 509 3174 7
531 3118 598 3173 fere.

570 3244 745 3340 Theorema
766 3243 808 3310 II.

24 3366 155 3434 circuli
177 3387 263 3446 arec,
287 3365 331 3433 od
349 3383 457 3430 urcem
480 3363 669 3445 quadratam
692 3359 842 3425 diametri
865 3367 1056 3442 conparato,
1079 3362 1234 3429 rationem
1255 3363 1346 3435 hodct

92 3474 95 3484 ·
449 3458 520 3517 eam'
539 3471 632 3532 quom
655 3456 694 3517 11
719 3449 763 3514 od
781 3455 824 3544 14
844 3451 921 3530 fere.

36 3540 39 3548 ¹
116 3569 322 3636 Archimedes
354 3570 457 3635 utitur
489 3566 758 3649 demonstratione
772 3538 943 3640 'indirecta
980 3587 1063 3649 quae
1089 3565 1132 3634 ad
1153 3567 1346 3654 impossihile

20 3661 130 3727 ducit:
160 3660 200 3726 de
222 3681 288 3744 qua
309 3660 401 3724 multi
423 3657 535 3724 multa.
580 3654 659 3720 Mihi
682 3674 791 3719 sensns
813 3654 870 3741 hic·
887 3675 957 3721 esse
978 3656 1117 3722 videtur
1150 3657 1268 3723 Circuli
1290 3656 1346 3722 BG

274 4529 423 4591 ‘NK

23 4650 288 4735 circnmferentia
302 4650 413 4733 partes
428 4646 526 4714 hahet
539 4645 680 4722 totidem,
698 4648 777 4727 quot
791 4647 920 4726 puncta,
941 4644 1019 4723 puta
1034 4635 1193 4715 infinitas,
1212 4655 1347 4719 quarum

23 4744 195 4833 quaelibet
225 4739 446 4807 consideratur
468 4744 504 4804 ut
525 4734 616 4807 basis
641 4734 773 4818 alicujus
795 4729 949 4814 trianguli
972 4726 1173 4809 aequiorum,
1201 4724 1346 4823 cruribus
