3112 5474
527 279 680 347 ιιμιιιιι.
703 280 794 341 satu
1101 368 1103 375 ,
1129 228 1135 233 ‚
1274 256 1345 326 342

19 420 125 484 damno
138 420 264 485 Juliano
279 422 331 486 40.
346 422 435 501 facile
450 424 657 505 persuadebo,
680 424 826 508 simulque
842 423 1026 489 senteutiam
1045 442 1145 487 meam
1159 423 1197 486 de
1212 438 1338 504 compuz
1449 462 1454 471 ·

19 509 109 573 ιιιιιιιι
123 511 257 575 bimatus
273 512 439 576 occisorum
453 532 613 595 puerorum
627 514 741 597 liquido
757 515 969 596 comprobabo.
1215 562 1221 571 1

79 599 177 662 lirant
199 601 282 682 magi
306 608 339 664 et
361 602 495 665 nationis
520 609 552 665 at
571 603 773 684 professionis
788 603 937 667 vocabulo
954 600 1119 677 Chaldaei,
1141 620 1236 682 penes
1260 620 1335 682 quos

19 688 118 751 dmum
132 696 208 752 nata
223 690 280 752 fuit
295 690 476 772 astrologia,
498 691 582 772 cujus
598 692 776 774 disciplinae
791 693 1025 774 pronunciatum
1039 691 1104 753 hoc
1114 697 1176 752 est:
1194 690 1338 770 conjunc-

19 778 254 844 ionasrnaaimas
269 780 462 859 plmetarrru
475 781 664 862 superiorum
675 782 711 845 iu
725 782 846 862 punctis
863 781 1080 854 cardinalibus,
1099 779 1262 860 praecipue
1284 796 1338 842 ae-

19 867 225 931 uinoctialibas
238 869 357 935 Arietis
379 877 413 932 at
425 870 554 944 Librae,
578 870 778 934 mutationem
800 889 900 934 rerum
923 870 1141 942 universalem,
1163 876 1196 930 et
1218 868 1340 930 stellam

19 964 141 1019 ιιιιιιιιιι
160 957 216 1020 sub
230 957 284 1021 illa
298 966 437 1039 tempora
453 960 673 1039 conjunctionis
687 968 884 1042 apparentem
893 967 1000 1022 'ortum
1016 958 1142 1038 alicujus
1157 957 1339 1019 monarchae

19 1046 173 1126 'gnificarer
216 1046 288 1109 Jam
309 1067 382 1110 vero
405 1066 471 1110 cum
491 1049 574 1130 magi
593 1049 751 1112 venissent
764 1049 974 1131 Jerosolymas
995 1047 1142 1129 principio
1158 1045 1272 1110 Juliaui
1287 1046 1340 1119 41,

19 1154 51 1197 m
65 1143 141 1239 ante
156 1135 311 1200 biennium
322 1137 386 1200 iere
402 1145 570 1218 coeperant
588 1139 733 1219 planetae
755 1138 899 1219 congredi
919 1137 1130 1218 conjunctione
1152 1135 1285 1199 maxima
1307 1134 1340 1196 iu

19 1224 137 1327 incipio
151 1224 279 1288 Arietis
324 1223 414 1296 Quod
430 1227 544 1290 attinet
556 1234 658 1292 motus
672 1228 806 1302 medios,
826 1236 863 1291 ιιι
878 1246 917 1290 er
929 1225 1106 1291 Prntenicis
1117 1230 1341 1306 computantur,

19 1313 112 1416 cquis
126 1332 227 1376 meum
240 1314 392 1396 privatum
408 1315 556 1379 calculum
570 1316 620 1379 bic
636 1323 811 1402 suspectum
825 1317 955 1390 habeat,
978 1334 1056 1379 auno
1072 1315 1133 1378 40.
1148 1314 1196 1391 die
1212 1315 1262 1375 22.
1277 1313 1336 1376 Ja-

19 1403 86 1465 ran'r
78 1401 257 1466 Saturnus
273 1411 316 1466 ιι
315 1404 441 1484 Jupiter
464 1405 620 1485 congressi
640 1413 714 1469 snut
736 1406 810 1470 solis
829 1406 873 1469 34
896 1405 1045 1486 scrupulis
1067 1411 1139 1466 autc
1161 1401 1340 1484 principium

19 1492 115 1555 rietia
162 1491 310 1573 Sequenti
333 1493 380 1556 die
396 1494 447 1557 25.
462 1494 621 1558 Februarii
643 1496 730 1557 Mars
752 1513 869 1577 quoque
891 1496 930 1558 ad
955 1493 1120 1558 Saturnum
1140 1490 1279 1555 venitm
1301 1484 1340 1553 3⁰

19 1580 124 1654 rietis,
147 1582 181 1644 et
204 1581 300 1664 primo
321 1582 427 1646 Martii
450 1583 490 1646 ad
511 1583 650 1647 Jovem
642 1603 673 1646 ιιι
694 1579 733 1646 5⁰
754 1583 882 1648 Arietis
925 1582 1012 1647 Haec
1032 1582 1069 1644 de
1085 1580 1217 1645 motibus
1231 1579 1340 1650 mediis
1388 1637 1394 1648 ,

20 1670 147 1732 uictis
231 1727 232 1731 ,
287 1700 288 1703 “

73 1758 152 1822 Vari
167 1765 268 1822 motus
283 1728 429 1839 majorem
442 1755 616 1825 habuerunt
630 1760 820 1824 evidentiam
831 1769 864 1824 et
878 1760 997 1825 ratione
1012 1758 1158 1840 temporis
1172 1756 1260 1821 nobis
1263 1756 1339 1859 ‘plus

19 1848 202 1928 ripulautur.
246 1849 338 1912 Anao
353 1850 476 1917 Juliano
492 1849 544 1914 39.
560 1851 642 1914 circa
658 1853 709 1913 22.
724 1850 806 1914 Juuii
821 1849 894 1913 Sole
909 1857 1052 1913 versante
1068 1843 1107 1912 3⁰
1129 1856 1202 1910 aute
1224 1846 1339 1927 princi

19 1956 67 2000 nm
82 1936 206 2011 Cancri,
222 1939 377 2018 congressi
392 1938 627 2003 suntSaturuus
643 1947 676 2003 et
689 1939 812 2021 Jupiter
825 1939 922 2021 primo
938 1940 968 2002 in
985 1934 1196 2010 239Piscinm,
1212 1930 1251 1999 '7⁰
1265 1941 1338 1998 aute

19 2026 167 2106 incipiam
180 2027 307 2091 Arietis.
353 2027 430 2092 Cum
453 2034 556 2092 autem
575 2036 703 2111 uterque
724 2028 913 2109 superiomm
934 2028 1025 2110 paulo
1047 2034 1121 2109 post
1139 2027 1240 2089 lactus
1253 2032 1340 2108 esset

19 2115 207 2190 ationarius,
226 2117 272 2178 sic
285 2124 320 2180 ut
334 2117 455 2198 Jupiter
471 2116 639 2198 Saturnum
654 2137 714 2183 non
729 2119 856 2184 multum
872 2126 1046 2199 superaret,
1066 2118 1181 2180 lactum
1194 2115 1338 2194 Augusto

19 2206 142 2286 quenti,
158 2224 226 2268 cum
240 2212 366 2286 uterque
382 2207 482 2270 lactus
492 2214 584 2285 ,esset
598 2207 805 2288 retrogradus,
819 2215 855 2270 ut
868 2207 990 2288 Jupiter
1005 2205 1172 2271 Saturnum
1186 2211 1270 2266 motu
1285 2221 1338 2265 re·
1425 2240 1428 2253 ·

19 2294 134 2375 ugrado
150 2294 282 2358 meando
298 2303 514 2376 assequeretur
528 2296 561 2358 in
576 2291 637 2358 21⁰
652 2297 793 2371 Piscium,
808 2314 1047 2377 procurreusquc
1062 2295 1094 2358 iu
1110 2293 1266 2358 anteriora
1280 2310 1347 2372 per
1418 2302 1426 2313 '

19 2391 178 2457 ιιιιιιιιιιιιιι,
193 2402 253 2463 que
269 2385 431 2447 secundum
446 2403 495 2447 me
512 2393 677 2466 conceptus
694 2393 745 2448 est
757 2386 910 2460 Joannes,
929 2385 1054 2448 taudem
1070 2382 1229 2451 Decembri
1245 2380 1337 2444 tertio

19 2480 155 2537 rturnum
171 2473 332 2552 occupavit
346 2473 377 2536 in
396 2467 453 2536 17⁰
468 2473 610 2537 Piscium.
642 2473 727 2547 Quos
741 2476 833 2539 Mars·
843 2494 923 2538 anno
938 2476 989 2536 40.
999 2472 1166 2537 Februario
1183 2469 1338 2533 etMartio

19 2567 181 2634 assumtus,
194 2561 278 2625 illum
293 2560 324 2624 iu
339 2562 445 2625 ultimo
462 2563 575 2625 triente
590 2559 737 2638 Piscium,
753 2565 832 2627 hunc
852 2564 882 2626 in
898 2563 1044 2644 principio
1059 2560 1191 2634 Arietis,
1214 2567 1246 2621 ct
1267 2565 1339 2639 post

19 2659 121 2714 artam
145 2649 202 2715 Sol
225 2668 292 2712 cum
309 2651 431 2716 Venere
452 2658 487 2714 et
508 2653 659 2716 Mercurio
680 2653 874 2719 ¹satellitibus
904 2670 1007 2715 amnes
1030 2652 1100 2715 illos
1126 2657 1190 2712 tres
1212 2647 1337 2727 Martio,

19 2739 85 2821 prili
100 2746 136 2801 et
148 2739 250 2818 Majo,
272 2740 474 2820 inpleverunt
493 2741 738 2879 conjunctionem
760 2738 843 2805 circa
864 2750 1003 2823 tempora
1019 2738 1158 2820 concepti
1175 2736 1291 2814 Christi
1307 2743 1340 2799 at
1387 2756 1399 2825 ᾖ

19 2837 57 2892 st
71 2829 139 2891 nati
153 2822 292 2891 Joaunis.
457 2886 460 2889 ,

75 2918 129 2980 Da
143 2937 236 2993 nunc,
257 2926 293 2980 ut
313 2938 393 2981 nova
414 2937 572 3022 magorum
594 2919 687 2983 stella
705 2919 833 3001 primum
842 2875 1020 2999 conspecta
1035 2917 1126 2980 fuerit
1140 2935 1203 2979 non
1216 2920 1337 2977 tantum

19 3007 95 3070 dem
118 3014 265 3087 tempore,
286 3026 345 3088 quo
364 3006 455 3071 vicini
479 3008 610 3071 invicem
626 2998 846 3089 spectabantur
865 3007 1018 3072 Saturnus
1045 3014 1078 3069 et
1097 2996 1245 3087 Jupiter,
1257 3022 1337 3067 anno

19 3097 105 3160 ilicet
120 3095 173 3160 39.
188 3096 402 3171 mcuaeJunio,
417 3097 473 3159 sed
482 3098 583 3161 etiam
598 3098 704 3160 eodem
720 3098 796 3161 coeli
811 3098 878 3161 loco
895 3116 962 3161 cum
975 3095 1116 3177 planetis,
1129 3094 1336 3176 quodsummo

19 3185 132 3249 ιιιιιΙο
148 3183 260 3248 factum
276 3192 327 3248 est
340 3185 438 3248 etiam
450 3193 556 3249 nostro
572 3193 709 3268 tempore
725 3207 803 3250 auno
822 3186 915 3250 1604.
937 3205 1003 3249 oum
1021 3185 1117 3248 stella
1132 3204 1212 3247 nova
1228 3183 1259 3246 iu
1275 3180 1337 3244 Sa-

19 3274 129 3338 ttaric:
152 3274 223 3355 quid
238 3274 320 3337 aliud
337 3273 486 3355 Chaldaei
501 3295 540 3338 ex
554 3275 631 3357 ipsis
646 3277 723 3340 artis
736 3277 850 3357 regulis
865 3275 1014 3357 hodieque
1030 3273 1224 3339 exstantibus
1240 3270 1338 3351 conji-

19 3385 52 3427 rc
69 3370 244 3445 potuerunt,
259 3382 349 3444 quam
362 3365 485 3427 maximi
500 3366 645 3429 momenti
660 3367 823 3429 eventum?
856 3366 907 3429 Ab
923 3365 981 3428 huo
997 3372 1104 3427 antem
1113 3371 1259 3443 tempore,
1275 3360 1337 3424 sci-

19 3451 65 3517 ιιι
82 3475 102 3516 ι
124 3466 229 3522 meuse
242 3452 334 3518 Junio
355 3454 426 3516 anni
450 3454 502 3520 39.
521 3453 765 3520 inFabraarinm
785 3455 856 3519 anni
871 3454 923 3517 41.
948 3454 1101 3518 biennium
1116 3460 1181 3527 eat,
1203 3448 1337 3515 miuus4

19 3551 38 3606 t
53 3542 76 3606 5
91 3541 255 3606 mensibus.
289 3542 385 3609 ,Nihil
400 3543 492 3625 igitur
507 3544 603 3607 habet
617 3563 655 3607 na
671 3546 845 3626 astrologus
861 3544 996 3625 quidem,
1015 3543 1094 3626 quod
1117 3538 1337 3622 computationi

19 3651 72 3697 sae
84 3631 160 3694 'anni
175 3629 472 3713 natalitiioppouat,
488 3633 590 3705 habet
611 3652 684 3698 vero
705 3634 785 3715 quod
799 3635 832 3698 in
847 3653 927 3697 auno
942 3633 994 3696 40.
1009 3632 1132 3696 Juliano
1148 3628 1272 3696 maximi
1287 3629 1338 3692 ia-

19 3730 47 3785 ιι
66 3728 101 3784 ct
116 3720 273 3785 nativitati
289 3719 406 3784 Christi
422 3722 591 3803 stellaeque
605 3742 761 3804 magorum
777 3719 1096 3787 convenientissimum
1107 3720 1233 3801 judicet
1269 3718 1337 3781 Nec

19 3812 101 3884 abito,
117 3810 216 3873 Deam
231 3810 487 3875 condescendisse
503 3812 543 3875 ad
559 3811 782 3879 Chaldaeorum
798 3811 1026 3886 credulitatem,
1047 3817 1082 3873 ut
1104 3809 1181 3872 alias
1201 3808 1282 3870 solet
1298 3806 1338 3869 ad

19 3902 65 3966 ias
86 3899 240 3963 hominum
259 3896 452 3963 infirmitates
467 3901 725 3966 condescendere:
752 3921 819 3966 cunr
837 3902 1044 3983 praesertim
1033 3901 1064 3962 in
1080 3896 1263 3979 istrologia,
1285 3903 1338 3959 ut-

19 4007 104 4071 mque
119 3989 217 4051 multa
232 4007 327 4062 vana,
343 4008 404 4054 non
419 3990 519 4052 omnia
533 3990 637 4054 lamen
652 3991 881 4066 contemnanda,
897 3992 952 4055 sed
968 3989 1070 4071 aliqua
1085 3996 1214 4051 naturae
1229 4003 1339 4060 rerum,

19 4099 65 4142 rae
80 4079 141 4141 Dei
156 4097 233 4158 opus
248 4084 307 4153 est,
322 4086 529 4146 consentanea
544 4080 616 4154 sint,
629 4081 812 4162 praesertim
828 4088 972 4161 aspectus
988 4086 1023 4145 et
1036 4076 1280 4211 conjunctiones:
1303 4080 1346 4137 ut»

19 4166 227 4230 Harmonicis
243 4160 467 4230 demonstrabo.
518 4180 520 4185 ·

75 4259 136 4320 Tot
150 4256 245 4337 igitur
265 4256 363 4330 modis
386 4264 419 4319 ιι
440 4257 536 4323 tertia
555 4257 728 4321 nativitatis
744 4257 862 4323 Christi
882 4221 1113 4321 circumstantia
1129 4254 1217 4318 nobis
1233 4205 1296 4317 ad
1287 4273 1337 4316 ιιι-

19 4345 224 4431 aurigationem
239 4365 311 4413 amu
302 4344 413 4415 facta
425 4354 475 4409 eat
482 4346 579 4415 utilis.
625 4348 854 4413 Transeundum
869 4348 910 4411 ad
925 4354 1074 4429 quartam.
