3112 5474
110 233 140 340 ἰ
245 233 318 309 3110Δ
744 251 1096 327 permoneremus

245 417 323 462 nunc
338 397 516 475 addendum,
529 397 656 463 eandem
671 396 880 463 diversitatem
894 397 987 466 etiam
1002 395 1142 462 obtinere
1154 396 1235 473 circa
1249 398 1430 482 principium
1438 418 1530 469 ,111111

245 488 341 554 civile.
374 539 377 542 .
614 544 617 548 ,
1000 534 1004 552 .
1077 543 1079 550 ,

331 577 410 641 Erat
429 579 591 659 Aegyptus
612 583 748 659 tempore
774 573 896 641 chdsd
912 574 1052 647 Romana
1074 574 1243 658 provincia,
1273 587 1441 666 receperat
1464 579 1530 643 form

154 714 156 719 -
245 667 317 731 anui
331 666 444 731 Juliani
457 667 548 729 fixam
561 687 617 748 pro
633 667 761 751 antiquo=
771 684 851 746 vago
867 684 965 728 anuo:
988 665 1045 727 hoc
1061 671 1164 728 tamen
1177 665 1416 744 illisiudultum,
1436 675 1471 730 ut
1482 668 1530 751 prir

244 765 309 838 tam
323 755 523 818 intercalandi
538 757 694 819 rationem¹
703 761 899 839 sequerentur
915 754 951 816 iu
967 753 1050 827 exitu
1062 754 1119 817 »111
1133 756 1204 818 anni
1218 763 1312 839 utque
1334 759 1498 839 pristinum
1508 778 1530 822 re

244 852 353 908 nerent
368 844 440 912 enni
453 844 645 926 principium,
668 847 747 927 quod
763 846 845 909 circa
860 843 926 910 Oal.
941 842 1136 925 Septembres
1150 842 1289 929 Julianas
1312 855 1392 910 erat
1439 849 1530 911 Nam<

244 942 379 1015 tempore
396 933 516 997 devicto
530 933 667 998 Antonio
684 934 851 1016 Cleopatra
867 931 977 996 occidit
991 933 1232 1000 Ptolemaeorum
1246 935 1356 1016 stirpis
1371 937 1494 1011 ultima,
1511 958 1530 999 ar

111 1085 115 1092 ,
243 1023 364 1090 Juliauo
384 1021 432 1098 16,
446 1023 559 1105 primus
575 1022 639 1085 dies
655 1024 771 1100 Thcth,
786 1023 836 1105 qui
851 1022 908 1088 fuit
922 1021 996 1104 ipsis
1012 1040 1051 1084 ex
1066 1021 1189 1103 antiquo
1205 1024 1292 1100 civile
1308 1026 1494 1107 principium
1511 1047 1530 1088 ar

243 1112 424 1177 ascenderat
439 1131 532 1193 usque
548 1112 588 1175 ad
603 1112 654 1176 30.
662 1113 812 1194 Augusti,
828 1102 862 1175 'ei
877 1132 896 1173 a
910 1112 998 1174 nobis
1013 1117 1097 1175 retro
1112 1120 1328 1192 computemus.
1366 1115 1530 1178 Numerabr

242 1220 315 1263 vero
329 1199 445 1265 Romae
461 1200 512 1267 29.
521 1200 663 1287 Augusti,
676 1209 848 1283 propterea,
862 1200 943 1282 quod
957 1202 989 1264 iu
1006 1198 1223 1264 1611111111
1246 1202 1294 1264 die
1318 1204 1390 1284 plus
1401 1205 1490 1284 justo
1508 1224 1530 1266 1

242 1289 467 1365 intermistum,
489 1290 555 1354 dies
570 1291 641 1355 anni
655 1290 880 1372 procrastinati
924 1291 1027 1354 Abeo
1043 1296 1180 1369 tempore
1195 1299 1230 1352 ut
1252 1311 1352 1355 annos
1368 1294 1530 1373 conjuncti

242 1398 314 1442 suae
337 1398 403 1442 cum
417 1379 563 1443 Romanis
584 1381 681 1444 usuali
703 1398 775 1443 aera
796 1384 1007 1453 numerarunt,
1029 1377 1073 1442 sic
1089 1377 1182 1441 etiam
1207 1379 1286 1444 diem
1302 1381 1530 1464 11111111]

172 1488 178 1509 ,
241 1468 392 1549 manipro
407 1468 493 1531 initio
510 1469 580 1532 auni
596 1470 676 1533 civili
692 1470 891 1533 observarunt
901 1466 1049 1549 Aegyptii
1059 1474 1277 1551 tenueruntque
1292 1489 1414 1535 morem
1425 1471 1530 1536 Christi

243 1556 307 1637 ejus
323 1557 494 1638 provinciae
518 1565 551 1620 et
572 1558 612 1621 ad
630 1559 709 1622 hunc
723 1578 818 1640 usque
840 1558 919 1621 diem
942 1564 1057 1621 tenent
1103 1554 1155 1621 Sic
1177 1577 1273 1621 annos
1287 1560 1431 1641 Augusti
1454 1580 1530 1624 nume

241 1647 450 1722 Ptolemaeus,
472 1647 516 1709 sic
539 1645 678 1711 Clemens
700 1647 943 1720 Alexandrinus,
964 1645 1135 1728 Aegyptius
1157 1654 1296 1730 uterque:
1330 1650 1444 1731 quibus
1466 1651 1530 1731 prim

242 1736 431 1800 constituunt
445 1755 565 1811 annum,
580 1738 730 1818 posterior
745 1755 817 1817 pars
831 1733 944 1799 Juliani
963 1727 1011 1798 16.
1027 1742 1061 1797 11
1074 1735 1157 1814 prior
1175 1730 1223 1800 17.

329 1823 470 1903 Soleunis
486 1844 525 1888 ex
540 1826 664 1907 antiquo
679 1845 745 1893 mos
760 1826 817 1890 tirit
832 1822 961 1889 Graecis
975 1822 1140 1898 universis,
1161 1826 1340 1890 numerandi
1356 1847 1414 1908 per
1431 1827 1530 1912 Olyrop

242 1916 313 1990 das;
344 1933 432 1996 quem
453 1933 566 1979 morem
587 1915 788 1988 Macedones,
813 1911 926 1976 Graeci
949 1921 981 1976 et
1002 1912 1078 1993 ipsi,
1107 1913 1273 1978 intulerunt
1294 1916 1328 1978 in
1350 1916 1477 1998 Syriam
1497 1937 1530 1980 au

241 2004 422 2087 acquisitam
447 2003 582 2087 adeoque
605 2012 638 2066 et
657 2004 809 2086 Josephus
831 2002 889 2064 hac
911 2001 1087 2065 numerandi
1109 2005 1225 2066 ratione
1248 2007 1428 2070 necessario
1451 2015 1530 2070 estu

241 2101 368 2176 propter
383 2093 598 2156 connexionem
619 2112 719 2163 rerum
731 2091 929 2157 Judaicsrum
951 2110 1017 2154 oum
1039 2089 1357 2172 Syro-Macedonicis.
1394 2098 1467 2160 Nou
1488 2104 1530 2158 tau

240 2181 432 2246 omuibushis
441 2183 582 2263 gentibus
591 2182 671 2246 idem
681 2182 752 2246 anni
766 2182 815 2245 vel
829 2178 1018 2263 Olympiadis
1029 2189 1121 2261 caput
1130 2182 1299 2265 fuitneque
1317 2186 1530 2256 antedoniam

240 2272 460 2346 Romanorum,
481 2290 577 2354 oeque
600 2273 656 2335 sub
678 2291 724 2335 eo.
759 2270 892 2336 Athenis
914 2269 1032 2353 quidem
1053 2270 1252 2350 magistratus
1275 2275 1530 2356 successeruntip

242 2359 449 2443 Olympiorum
463 2361 584 2436 diebus,
605 2361 694 2443 idque
710 2363 765 2425 sub
780 2360 998 2426 Macedonibus
1022 2366 1055 2422 et
1069 2359 1120 2421 diu
1141 2369 1249 2436 antea;
1271 2382 1333 2427 uon
1350 2383 1474 2447 semper
1487 2372 1530 2428 111

241 2451 280 2513 ab
296 2450 367 2513 anni
382 2450 476 2519 initio.
520 2453 603 2515 Nam
615 2452 684 2514 olim
699 2458 836 2532 tempore
850 2451 975 2513 brumae
990 2448 1047 2511 fuit
1061 2448 1179 2513 initium
1194 2450 1264 2513 anni
1279 2452 1457 2518 Posideoue
1471 2473 1530 2517 meu

242 2539 327 2620 cujus
341 2539 386 2603 rei
400 2540 608 2620 argumentum
622 2540 784 2614 Posideon,
805 2538 1016 2602 intercalarius
1031 2537 1124 2611 tertio
1140 2557 1256 2621 quoque
1271 2561 1364 2605 anno.
1411 2542 1476 2610 Sed
1488 2545 1530 2606 mia

241 2629 373 2710 antiquis
388 2629 589 2709 temporibus,
612 2632 667 2694 sub
682 2631 900 2694 Macedonibus
923 2634 956 2690 et
969 2627 1116 2690 Romanis
1137 2628 1270 2691 Athenis
1292 2630 1443 2696 circuitus
1463 2640 1530 2714 quat

241 2737 401 2792 annorum,
424 2715 581 2799 Olympias
605 2718 721 2790 dictus,
743 2715 908 2799 incipiebat
930 2717 969 2780 ab
990 2716 1280 2793 Hecatombaeoue,
1297 2738 1360 2800 quo
1382 2722 1530 2785 11111111

241 2806 322 2887 apud
345 2803 505 2887 Olympum
525 2807 623 2870 Elidis
648 2808 795 2872 celebrari
818 2806 936 2870 solitus.
980 2806 1097 2868 Achaei
1118 2825 1191 2869 vero
1215 2825 1296 2888 gens-
1314 2809 1530 2892 Peloponnesia

240 2895 321 2959 illidi
335 2895 441 2968 ricini,
464 2897 654 2960 renovabant
675 2896 872 2977 magistratus
894 2903 927 2958 et
948 2914 1015 2958 cum
1035 2895 1073 2957 iis
1088 2915 1200 2960 anuum
1222 2916 1293 2960 vere
1309 2901 1530 2967 antecedentis

152 3040 157 3045 .
244 2991 352 3047 exortu
361 2980 572 3065 Vergiliarum.
596 2985 752 3066 Epirotae,
767 2984 887 3060 Boeoti,
900 2983 1086 3061 Macedones
1101 3003 1203 3047 mense
1220 2983 1351 3052 Octobri
1365 2988 1530 3071 Julianopr

241 3073 349 3154 tipium
371 3073 442 3136 enni
464 3081 497 3136 et
512 3072 702 3156 Olympiadis
718 3076 870 3150 iecerunt,
892 3074 991 3137 tribus
1012 3073 1082 3136 anni
1104 3073 1325 3155 quadrantibus
1347 3079 1530 3142 1111111111

240 3164 347 3244 Itaque
362 3163 464 3243 potior
476 3182 549 3243 pars
565 3164 754 3245 scriptorum,
768 3164 819 3246 qui
833 3164 923 3229 hodie
939 3169 1079 3239 exstant,
1102 3166 1352 3229 consuetudinem
1369 3169 1470 3237 secuti
1482 3169 1530 3231 Mo

241 3251 352 3315 donum
366 3260 433 3315 toto
450 3252 565 3316 1111111
581 3252 813 3331 dominantium,
831 3254 962 3335 primum
978 3250 1167 3334 Olympiadis
1183 3274 1293 3317 aunum
1307 3254 1392 3320 bunc
1408 3257 1527 3330 habeut,

243 3340 328 3421 cujus
343 3348 464 3404 aestate
480 3341 542 3405 ludi
556 3343 632 3405 liunt
648 3340 807 3425 Olympici,
824 3343 987 3407 secuudum
1001 3341 1095 3416 illum,
1118 3342 1167 3423 qui
1183 3342 1289 3425 incipit
1305 3344 1440 3410 Octobri
1455 3345 1530 3428 proxi

243 3430 390 3512 sequenti.
435 3431 522 3493 Hauc
542 3430 749 3495 diversitatem
771 3432 860 3495 hodie
883 3450 944 3494 nou
964 3431 1129 3511 respiciunt
1154 3431 1346 3514 chronologi,
1369 3435 1530 3499 existimant

243 3518 372 3581 omnium
388 3519 569 3602 scriptorum
583 3521 808 3585 numerationes
823 3540 878 3602 per
889 3519 1212 3601 Olympiadumannos
1226 3524 1408 3587 referendas
1424 3527 1464 3588 ad
1477 3543 1530 3587 mer

241 3608 395 3671 Atticum:
418 3628 494 3690 quae
510 3628 558 3671 res
574 3628 634 3673 uon
648 3630 761 3692 parvas
776 3612 807 3674 in
822 3629 855 3673 re
871 3609 1083 3689 chronologica
1104 3610 1211 3674 turbas
1227 3611 1332 3687 dedite
1360 3622 1398 3676 ut
1412 3616 1446 3678 in
1460 3614 1530 3679 chrm

199 3754 201 3759 .
242 3697 323 3777 logia
337 3697 464 3761 Veteris
473 3699 662 3763 Testamenti
677 3699 893 3763 demonstrabo
907 3697 1051 3780 pluribus.
1080 3699 1170 3763 Nuuc
1185 3701 1333 3782 exemplis
1348 3705 1488 3786 pauculis
1502 3704 1530 3767 al

243 3793 326 3849 mato
342 3786 432 3849 iidem
446 3787 564 3849 faciam.
659 3830 664 3842 -
982 3830 983 3834 =
1008 3866 1010 3870 ,
1084 3848 1087 3855 .

251 3904 256 3921 =
330 3873 453 3938 Solinus
468 3877 512 3938 ait
520 3877 648 3939 Romam
663 3878 815 3941 conditam
832 3896 911 3940 anuo
928 3876 951 3938 1.
962 3875 1081 3960 Olymp.
1090 3877 1160 3940 vn.
1191 3875 1360 3949 Quaeritur
1375 3890 1452 3945 aute
1466 3900 1530 3962 sup

242 3963 317 4027 iacti
331 3963 363 4027 hi
378 3965 461 4027 ludi?
492 3962 624 4028 Constat
638 3985 741 4030 meuse
755 3968 844 4048 Majo.
862 3966 1015 4030 conditam
1023 3985 1032 4042 ;
1056 3967 1149 4047 igitur
1163 3968 1266 4030 vceteri
1281 3968 1465 4053 chronologi
1479 3971 1530 4033 dieu

242 4053 380 4134 sequenti
394 4053 475 4117 Julio
492 4055 629 4135 coepisse
644 4056 807 4120 secundum
821 4074 932 4121 aunum
942 4053 1147 4137 Olympiadis;
1171 4076 1248 4138 uago
1266 4077 1339 4138 ego:
1364 4080 1437 4123 nam
1453 4078 1530 4140 seque

241 4142 323 4207 Julio
343 4144 410 4217 Ι1111
425 4141 548 4206 Solinus
570 4144 669 4206 iactos
690 4145 759 4208 illos
774 4146 878 4220 ludos,
901 4146 1041 4225 aquibus
1057 4165 1153 4208 annus
1169 4153 1254 4228 totus
1270 4147 1367 4210 etiam
1389 4147 1530 4211 11111111

241 4232 333 4295 fuerit
347 4232 566 4296 denominatus.
595 4233 630 4294 ld
644 4234 749 4313 probo.
785 4234 870 4298 Dicit
885 4233 964 4298 enim
979 4234 1058 4297 idem
1073 4233 1195 4299 Solinus
1211 4255 1291 4300 auno
1307 4237 1385 4301 801.
1401 4239 1442 4302 ab
1456 4258 1483 4300 u
1496 4256 1518 4299 1

242 4327 309 4384 ctos
324 4322 411 4384 ludos
427 4321 601 4403 Olympicos
618 4321 742 4387 ccvii
773 4322 832 4396 Qui
846 4323 905 4387 hoc
921 4323 1062 4398 affirmat,
1077 4324 1105 4391 is
1120 4343 1232 4404 negare
1246 4345 1308 4388 non
1324 4335 1442 4409 potest,
1461 4335 1492 4390 et
1504 4344 1530 4389 ar

244 4408 366 4474 1.1.1.
388 4410 475 4473 ludos
496 4413 610 4486 factos,
633 4431 705 4493 ergo
733 4421 805 4493 post
826 4431 960 4477 mensem
982 4411 1065 4476 urbis
1087 4413 1237 4480 conditae.
1281 4414 1359 4497 Oyri
1380 4416 1530 4480 initiumet

241 4518 332 4561 sensu
347 4508 497 4580 reponunt
511 4501 540 4562 iu
557 4521 667 4564 annmn
684 4502 711 4564 1.
728 4501 847 4583 Olymp.
857 4501 909 4576 55,
925 4502 994 4564 inde
1008 4521 1080 4565 vero
1097 4503 1136 4564 ad
1151 4502 1268 4567 initium
1285 4524 1378 4569 aerae
1402 4504 1530 4569 Graecos

241 4587 390 4651 Eusebius
405 4597 561 4671 computat
576 4611 672 4654 anuos
688 4591 802 4654 solidos
817 4590 891 4657 248.
914 4590 1027 4673 Incipit
1042 4600 1143 4656 autem
1159 4611 1231 4656 aera
1242 4592 1433 4658 Graecorum
1450 4597 1530 4658 ltin

242 4685 314 4757 post
328 4678 442 4741 obitum
450 4680 706 4744 Alexandrirere
720 4680 801 4744 illius
817 4680 897 4755 anui,
912 4700 970 4763 quo
986 4680 1141 4745 celebrata
1159 4689 1208 4745 est
1215 4681 1381 4765 Olympias
1398 4679 1464 4746 lli.
1484 4680 1530 4761 lgit

243 4773 276 4828 et
290 4766 341 4831 ille
357 4786 452 4832 annus
471 4770 498 4834 l.
514 4767 624 4835 0111.
641 4769 816 4835 extenditur
830 4778 903 4834 1111
917 4789 1052 4834 mensem
1066 4770 1173 4840 ludicri
1188 4769 1351 4854 Olympici.
1378 4771 1530 4837 81111111
