3112 5474
139 243 313 336 ῑ338Ι
433 220 450 341 ⁹,
602 288 1013 352 ,osemuaaucuuu
1130 238 1135 249 ’

143 498 146 508 ‚
172 453 261 516 qnam
282 455 310 497 a
322 433 479 514 paschate.
515 431 666 495 Confirmo
686 432 970 522 interpretationem
990 434 1106 497 duobus
1128 433 1334 514 argumentis:
1367 431 1397 514 l)
1410 433 1488 496 Eran-

174 523 286 604 gelium
300 530 429 604 usurpat
443 545 481 584 rc
497 516 597 599 ἄζυμα
612 540 723 604 genere
738 529 847 601 neutro
862 540 918 604 pro
933 523 1008 598 ritu,
1027 542 1087 585 nou
1102 541 1214 603 genere
1232 521 1376 585 feminino
1390 541 1439 603 pro
1450 522 1491 585 dei

174 612 425 675 denominatione.
468 607 505 693 2)
527 611 627 687 Idem,
654 611 774 695 quaudo
796 613 864 675 vult
887 612 1004 688 dicere,
1032 613 1161 694 primam
1183 612 1418 687 sabbathorum,
1442 612 1497 697 dicit

171 725 240 779 μιαν
256 704 422 780 cubiturus,
437 719 497 763 uon
513 722 631 780 aporos
645 703 811 779 σαββατων.

260 791 336 857 Cum
350 791 445 872 igitur
461 791 590 852 omnium
607 790 726 854 Graece
742 790 899 854 doctorum
907 789 1023 869 judicio
1039 797 1176 864 constet,
1199 790 1246 853 sic
1268 788 1496 871 optimerersau

172 899 240 943 esse
256 882 335 944 huuc
349 880 447 943 locum
462 879 565 942 Lucae
581 882 610 942 2.
625 881 779 961 multoque
800 878 1001 955 emendatius,
1025 897 1114 962 quam
1135 879 1232 942 habet
1254 878 1385 960 antiqua
1404 879 1497 940 versio:

171 988 261 1050 sporo
277 987 382 1032 omues
398 968 589 1050 acquieturos
603 970 662 1032 hac
678 969 828 1032 solutione
849 969 1036 1052 objectionis
1047 968 1131 1050 prins
1146 967 1344 1050 propositae,
1366 974 1400 1031 et
1419 968 1497 1048 suspi-

172 1057 290 1134 cioues,
313 1059 339 1121 si
362 1077 438 1140 quae
454 1060 590 1134 fuerunt,
613 1059 750 1121 deiectus
766 1066 820 1121 aut
834 1058 934 1122 mendi
949 1059 980 1122 in
995 1058 1179 1139 Evangelio,
1201 1057 1315 1120 animis
1332 1075 1498 1119 excussuros

169 1147 240 1210 Non
256 1147 335 1210 euim
350 1148 446 1210 tradit
460 1148 676 1226 Evangelista,
698 1141 934 1228 descriptionem
954 1148 1035 1211 hanc
1051 1148 1143 1210 inisse
1158 1147 1288 1228 primam
1300 1146 1447 1221 omnium,
1460 1165 1498 1208 uec

170 1243 328 1316 peractam
343 1258 362 1300 a
378 1235 516 1308 Quirinio
531 1237 621 1300 dicit:
645 1236 700 1300 sed
723 1237 807 1319 prins
822 1238 936 1300 iactam
952 1237 1078 1312 asserit,
1100 1255 1189 1317 qnam
1203 1236 1402 1319 praesideret
1414 1233 1498 1317 Syriae

170 1322 342 1401 Quirinius3
368 1326 448 1408 quod
469 1327 658 1389 verissimum
680 1344 748 1388 esse
771 1333 907 1389 testatur
927 1327 1057 1389 historia
1075 1326 1226 1388 hacteuus
1247 1325 1388 1406 allegata
1409 1325 1497 1388 exlo-

138 1461 140 1464 >
170 1415 279 1494 sepho:
311 1413 481 1486 Quirinium
497 1416 614 1480 scilicet
629 1415 650 1479 9
665 1416 714 1477 vel
733 1416 774 1478 lo
789 1416 877 1478 curtis
891 1423 965 1499 post
979 1423 1108 1479 mortem
1122 1415 1256 1478 Herodis
1271 1415 1397 1477 venisse
1411 1416 1440 1476 in
1453 1413 1498 1494 Sp·

169 1503 245 1564 riam
254 1535 271 1579 ,·
285 1503 439 1568 Christum
462 1517 535 1567 vero
556 1512 662 1568 natum
684 1511 756 1567 ante
775 1512 903 1568 mortem
918 1506 1051 1568 Herodis
1065 1504 1133 1586 plus
1156 1512 1235 1567 anuo
1257 1504 1398 1585 integro:
1418 1503 1498 1584 itaque

171 1591 351 1674 descriptio,
373 1593 411 1656 de
434 1611 494 1675 qua
508 1594 618 1669 Lucas,
643 1595 680 1656 ll
707 1593 812 1656 solidis
833 1594 920 1656 annis
942 1594 1111 1657 antecessit
1132 1591 1263 1664 Quirinii
1286 1592 1498 1674 potestateniu

66 1693 69 1705 ·
118 1714 120 1717 -
172 1679 272 1764 Syria.
288 1712 290 1719 o
316 1683 603 1764 Itaqueoerisimile
619 1690 681 1759 est,
697 1702 754 1764 quo
771 1690 907 1764 tempore
923 1682 1065 1747 Christus
1081 1702 1177 1745 anuos
1192 1690 1287 1745 uatus
1307 1683 1349 1746 12
1362 1681 1498 1762 Jerosoly·

152 1843 154 1846 g
169 1769 227 1833 mis
242 1771 322 1834 festo
337 1772 495 1853 paschatis
505 1791 572 1836 oum
588 1773 696 1836 scribis
712 1780 745 1835 et
761 1773 972 1837 sacerdotibus
987 1772 1017 1836 iu
1032 1772 1145 1854 templo
1161 1771 1350 1852 disputavit,
1364 1771 1498 1834 materian
1537 1779 1539 1788 ’

168 1859 401 1941 disceptationis
417 1861 496 1924 hauc
512 1863 610 1944 ipsam
625 1862 734 1937 fuisso,
746 1861 832 1943 ‘quod
849 1862 924 1925 illud
938 1855 1066 1943 primum
1081 1868 1166 1924 esset
1178 1860 1301 1941 pascha
1316 1861 1388 1923 anni
1402 1859 1499 1937 Jnlbi,
1538 1913 1556 1939 g

98 2021 103 2035 ,
169 1967 227 2029 qno
244 1949 352 2030 gentili
366 1959 485 2014 rectore
501 1960 642 2014 carentes
658 1951 815 2032 coeperint
829 1970 993 2015 numerare
1007 1969 1103 2014 annos
1117 1948 1252 2031 Augusti
1267 1950 1301 2012 in
1318 1949 1498 2012 dominatione
1538 2002 1548 2009 ..

167 2037 321 2101 Jndneae:
345 2040 395 2122 qni
417 2057 507 2103 exeo
522 2041 627 2122 procul
645 2040 734 2103 dubio
758 2048 791 2103 et
812 2059 948 2106 nummos
970 2059 1040 2104 cum
1059 2040 1190 2121 imagine
1212 2056 1270 2102 sua
1288 2039 1385 2102 etiam
1399 2055 1497 2102 uumuo

167 2146 313 2191 annorum
329 2128 446 2210 imperii
463 2131 508 2192 sni
523 2131 555 2193 iu
569 2128 898 2211 JudaeaJerosolymis
914 2130 1024 2193 cudere
1036 2129 1148 2210 coepit,
1163 2147 1253 2210 quem
1267 2128 1401 2210 quilibet
1414 2146 1498 2192 oenus
1534 2152 1536 2162 ²

146 2217 287 2294 ,nomine
304 2218 446 2280 solveret.
492 2217 573 2282 Orta
588 2220 667 2281 enim
683 2219 907 2299 disceptatione
927 2218 1008 2281 iuter
1021 2219 1232 2292 Herodicum,
1252 2219 1391 2281 Herodis
1405 2226 1497 2281 tetrar-
1532 2231 1537 2256 ³

168 2307 260 2381 chae,
284 2306 334 2389 qui
350 2307 464 2370 amicus
480 2316 548 2371 erat
562 2309 783 2382 Rornanorum,
805 2309 960 2371 ministros
976 2309 1105 2371 etinter
1118 2306 1320 2389 pharisaeos,
1335 2308 1417 2372 haud
1431 2306 1497 2370 dulit
1535 2303 1556 2361 Ι

165 2394 235 2457 iude
261 2397 300 2458 ab
322 2416 401 2460 auno
426 2398 478 2460 40.
492 2397 568 2474 Jul,
599 2397 719 2480 quando
734 2397 862 2478 primum
876 2397 986 2460 Judaei
1000 2398 1032 2460 iu
1048 2398 1141 2460 verba
1157 2395 1306 2459 Caesaris
1322 2398 1426 2460 adacti
1439 2401 1496 2468 snut

168 2492 363 2548 contumaces
378 2487 409 2548 in
424 2486 640 2568 magistratum
654 2487 820 2562 ethnicum,
836 2495 868 2549 et
883 2506 916 2549 re
931 2487 972 2558 ad
988 2485 1143 2549 Christum
1159 2485 1280 2548 delata:
1303 2487 1496 2568 quaerentibus

165 2570 314 2656 partibus,
329 2575 460 2638 liceatne
476 2595 530 2658 per
546 2565 664 2639 divinas
678 2577 764 2656 leges·
778 2577 851 2639 dare
867 2573 1053 2639 censumrel
1067 2573 1358 2638 tributum-Caesari
1368 2567 1495 2656 (liberio)

165 2679 221 2725 uec
237 2663 296 2727 ue?
321 2665 464 2729 Christus
479 2665 600 2728 ostendi
615 2666 673 2728 sibi
689 2666 769 2746 petit
782 2666 1058 2740 numismaoeusus,
1073 2664 1160 2746 quasi
1169 2664 1306 2727 diceret:
1321 2665 1495 2741 respondebo
1533 2639 1556 2720 Ι

166 2752 192 2814 si
206 2753 289 2834 prius
305 2753 376 2836 quid
391 2755 422 2817 in
438 2774 531 2818 causa
545 2762 687 2818 versetur
702 2762 810 2816 exacte
826 2773 1013 2836 cognovero,
1029 2755 1121 2817 dicite
1136 2749 1218 2828 mihi,
1234 2762 1386 2835 qnantum
1400 2754 1495 2817 solvitis
1531 2749 1556 2807 Ι

165 2843 283 2904 nomine
307 2862 415 2906 census
438 2851 471 2906 et
491 2864 550 2927 quo
573 2844 773 2907 numismate?
809 2844 888 2906 Erat
910 2850 1012 2906 autem
1032 2842 1160 2906 Judaeis
1179 2844 1354 2924 antiquitus
1375 2845 1494 2907 annon
1531 2838 1556 2910 Ι

159 2932 328 3007 numisma,¹
341 2932 432 2996 siclus
448 2933 553 3015 templi
569 2934 683 3008 dictus,
698 2952 765 2996 oum
781 2933 880 3013 effigie
895 2933 999 3014 virgae
1014 2934 1162 3007 aaronis,
1174 2940 1308 3014 eratque
1324 2942 1495 3016 praeoepm
1527 2938 1538 3047 jv

114 3036 115 3039 ’
166 3019 266 3082 Exodi
282 3022 334 3085 30.
349 3041 377 3083 v.
396 3023 452 3097 13,
473 3030 510 3084 nt
531 3023 697 3104 quicunque
720 3021 880 3103 attigisset
902 3041 1012 3085 aunum
1027 3023 1080 3085 20.
1098 3021 1213 3085 aetatis
1235 3022 1396 3087 dimidium
1414 3024 1494 3086 sioluu
1533 3083 1539 3095 ,

166 3109 273 3191 templi
288 3110 422 3196 solueret
437 3113 648 3175 sacerdotibus
664 3112 836 3175 adsumtos
852 3111 1045 3193 quotidianos
1061 3111 1286 3179 sacrificiorum.
1329 3112 1379 3176 At
1400 3129 1494 3185 nunes
1535 3172 1556 3199 .-

168 3197 292 3262 Ohristo
308 3199 457 3263 numisma
472 3201 607 3281 prolerre
618 3201 713 3281 jussi,
734 3219 795 3262 nou
818 3201 984 3265 ostendunt
1005 3201 1112 3264 siclum
1131 3200 1251 3280 templi,
1275 3202 1494 3271 sed-denarium
1552 3244 1553 3247 =

165 3287 313 3350 numisma
329 3289 423 3352 etiam
437 3290 556 3352 nomine
572 3280 757 3365 Romaim,
779 3308 846 3352 oum
860 3289 990 3370 imagine
1007 3300 1040 3353 et
1054 3288 1250 3371 inscriptione
1268 3281 1430 3368 Caesaris,
1449 3291 1493 3354 sio
1525 3285 1554 3371 ,ᾗ

163 3375 298 3457 Augusti
327 3377 381 3441 illa
405 3379 511 3454 fuerit,
542 3378 607 3442 sive
632 3378 761 3444 Tiberii:
791 3379 908 3460 ipsique
931 3381 1081 3454 latentur,
1109 3379 1167 3441 hoo
1188 3380 1378 3448 numismate
1397 3394 1494 3445 consur
1528 3374 1556 3435 Ι

158 3467 396 3546 repraesentari,
412 3486 500 3548 quem
510 3468 676 3547 jubeantur
690 3468 808 3529 solvere
825 3467 961 3531 Caesari.
996 3467 1023 3531 0
1040 3467 1196 3531 sanctulus
1212 3467 1343 3546 zelotes,
1350 3470 1426 3552 legis
1437 3466 1492 3533 oei!
1526 3509 1527 3513 =

57 3584 61 3597 ‹
136 3588 138 3591 ·
167 3555 285 3617 adeone
299 3555 384 3632 illos,
407 3557 457 3638 qui
476 3557 617 3638 religioni
637 3556 695 3619 sibi
710 3556 863 3619 ducebant
878 3564 1004 3620 externo
1020 3564 1053 3619 et
1066 3556 1277 3620 incircumciso
1293 3577 1404 3639 parere
1416 3575 1493 3638 magr·
1531 3622 1556 3647 ,ζ

166 3644 292 3719 stratui,
316 3653 370 3707 aut
388 3645 468 3708 ferre
489 3647 620 3727 aquilam
636 3650 759 3708 auream
773 3645 854 3708 iuter
869 3653 1048 3709 ornamenta
1063 3646 1168 3727 templi
1183 3653 1239 3708 aut
1252 3647 1373 3727 pictam
1387 3648 1492 3731 aquilea
1529 3707 1534 3717 ,

161 3732 195 3795 ‘iu
210 3734 331 3811 vexillis
346 3727 552 3798 Romanorum
567 3735 753 3798 exarcituum
768 3741 823 3797 aut
837 3742 1010 3817 tropaeum,
1032 3735 1064 3799 id
1085 3744 1135 3799 est
1156 3734 1262 3800 rudem
1279 3738 1411 3820 effigiem
1429 3753 1491 3800 nou
1526 3721 1556 3805 ,Ι

119 3826 121 3835 ’
165 3822 298 3903 positam
314 3842 352 3885 ex
368 3823 461 3886 armis
478 3844 499 3886 a
514 3824 619 3905 stipite
635 3824 792 3906 suspensis
806 3823 838 3886 iu
852 3824 909 3887 viri
925 3825 1070 3904 speciem,
1092 3824 1211 3887 scilicet
1226 3825 1300 3906 quia
1314 3826 1368 3890 lex
1381 3824 1489 3891 Delia
1527 3824 1556 3883 Ι

166 3910 251 3974 daeis
266 3931 323 3974 usu
338 3912 503 3993 imaginum
517 3913 731 3993 interdicebat,
744 3913 882 3994 intellige
897 3914 938 3976 ad
952 3913 1067 3976 cultum
1080 3913 1224 3989 numinis,
1239 3913 1313 3977 illos
1321 3914 1489 3997 inquanju
1531 3905 1540 3915 ”

166 3999 224 4063 sibi
237 4001 376 4082 religioni
387 4008 580 4084 nequaquam
595 4004 713 4077 ducere,
729 4002 877 4065 crumenis
893 4002 956 4072 suis
971 4002 1162 4066 circumferre
1176 4021 1319 4066 nummos
1334 4024 1400 4068 oum
1414 4001 1489 4083 effigit
1527 4061 1534 4085 ,

165 4088 310 4153 Caesaris
324 4089 524 4154 incircumcisi
539 4099 572 4154 et
587 4092 705 4173 quidem
721 4092 800 4154 iuter
814 4092 899 4154 Deos
913 4090 1012 4154 relati.
1128 4136 1131 4143 .
1524 4092 1556 4153 Ι

253 4177 302 4242 Ex
317 4179 424 4242 harum
439 4179 732 4243 circumstantiarum
748 4180 989 4243 consideratione
1000 4179 1065 4259 jam
1080 4179 1191 4242 clarius
1206 4181 1326 4247 enitere
1340 4190 1424 4265 puto,
1436 4174 1487 4261 qud
1520 4177 1531 4227 ὲ

168 4267 225 4331 sibi
245 4268 376 4331 voluerit
395 4285 588 4350 responsum,
613 4271 693 4352 quod
714 4268 855 4334 Christus
874 4269 1087 4337 insidiantibus
1106 4269 1205 4331 dedit:
1236 4270 1331 4336 Dato
1350 4271 1486 4354 quam
1519 4266 1556 4348 fl

167 4355 318 4420 Ooeacria
340 4356 475 4421 Ouesori
495 4365 525 4421 et
546 4377 626 4440 prece
643 4358 715 4421 Dei
734 4358 809 4421 Deo
814 4378 828 4431 ,·
857 4358 996 4421 nimirum
1015 4357 1142 4422 Caesari
1165 4359 1336 4452 denarium,
1365 4359 1483 4424 rrurruieu¹
1519 4355 1556 4414 Ι

60 4436 79 4517 J
161 4445 345 4522 Romanum,
361 4455 394 4510 et
407 4448 475 4510 Deo
492 4448 597 4511 siclum
614 4442 711 4527 (inter
726 4445 845 4530 cetera)
861 4449 1009 4511 numisma
1022 4447 1192 4511 Judaicum.
1522 4437 1556 4498 Ἴ

252 4537 323 4601 Non
333 4536 463 4599 alienum
479 4546 529 4600 est
544 4537 583 4600 ab
598 4537 657 4599 hoo
672 4537 739 4600 looo
754 4555 811 4599 neo
825 4535 909 4612 illud,
923 4555 1054 4612 monere,
1068 4546 1214 4617 parentes
1225 4537 1406 4603 Christiuou
1418 4533 1476 4597 roh·

166 4630 217 4686 tos
237 4644 306 4688 esse
328 4627 359 4688 iu
383 4626 508 4688 tabulas
528 4645 653 4701 census,
680 4645 768 4706 quem
783 4625 937 4698 Quirinius
958 4645 1014 4708 per
1031 4626 1181 4690 Judaeum
1203 4629 1270 4709 egit
1289 4617 1472 4691 annosum·
1529 4628 1532 4668 ἴ

165 4713 224 4776 vel.
240 4715 292 4776 52.
338 4714 531 4779 Causahaec
547 4721 628 4790 erat,
650 4715 722 4796 qnia
736 4713 891 4786 Quirinius
915 4716 1012 4778 solum
1031 4716 1179 4804 Archelai
1200 4716 1403 4798 patrimonium
1420 4710 1468 4771 der
1530 4784 1537 4792 ,Ἰ

116 4849 118 4853 s
167 4802 281 4883 cripsit,
297 4803 376 4885 quod
393 4811 461 4866 erat
474 4804 603 4879 Judaea,
618 4802 763 4869 Idumaea
778 4812 812 4867 et
826 4804 982 4869 Samaria:
998 4823 1056 4869 uec
1070 4802 1244 4875 Gaulum
1257 4804 1465 4870 attinuitcoretl
