3142 5482
478 232 513 282 Ex
532 230 635 282 Tabulis
653 231 826 296 Rudolphiuis.
1254 233 1316 294 509

218 401 245 467 l
266 402 398 469 fundato
421 405 550 488 templo,
573 405 649 470 mihi
669 410 743 470 ante
758 405 832 472 Chr.
850 409 924 485 999,
949 425 990 472 en
1005 403 1101 470 suerit
1115 412 1317 472 numeratum

174 491 313 574 publice,
352 493 582 578 incompertum
619 500 677 560 est.
723 494 765 559 lt
795 493 836 559 ab
866 495 1099 578 expugnatione
1126 489 1222 560 arcis
1240 494 1317 559 Sion

176 578 203 645 u
236 581 311 646 sede
346 583 438 662 regni
463 582 690 666 Hierosolymis
721 583 893 648 constituta
922 581 1117 649 Ezechielem
1147 604 1222 649 suos
1252 586 1317 646 399

175 691 342 735 numerare
382 670 584 752 demonstro,
627 691 739 755 usque¹
771 670 814 736 ad
855 671 1127 757 praedicationem
1160 670 1318 737 Jercmiae

174 759 379 841 reliquosque
415 764 457 841 40
493 760 536 826 ad
570 779 703 843 regnum
733 760 907 844 urbemque
936 760 1110 840 destructa,
1140 759 1215 826 mihi
1242 767 1318 825 ante

176 846 232 912 Ch
266 852 345 927 6063
380 868 475 931 quem
496 849 633 954 primum
655 848 850 931 captivitatis
869 848 1062 914 habuerunt:
1096 869 1201 933 aquo
1218 853 1313 925 70¹³!

173 954 273 1000 annus
296 897 357 1003 fuit
379 937 511 1017 reditus,
535 957 586 1002 an
588 936 670 1004 Ch.
694 936 768 1002 537
842 952 844 959 ’

217 1026 325 1091 Annos
347 1002 460 1090 excidii
481 1027 605 1110 Trojae‚
635 1026 754 1091 reditus
776 1023 1031 1111 Heraclidam,
1059 1024 1317 1110 reliquorumque

173 1113 500 1267 irlrpigniipmcasuum
525 1114 699 1205 dequibus
722 1114 941 1225 Eratosthenis
954 1074 1118 1194 Carioncs,
1143 1114 1213 1180 vide
1227 1114 1315 1198 apud

174 1223 295 1267 crono
309 1223 395 1286 ogoa
447 1231 449 1236 ¹

216 1290 387 1356 Praeterea
416 1311 517 1357 annos
546 1290 661 1356 aetatis
691 1311 770 1357 suae
799 1291 919 1375 primus
947 1290 1109 1357 hominum
1137 1293 1316 1359 numeravit

174 1380 364 1444 necessario:
389 1398 481 1464 quem
502 1380 620 1445 imitati
642 1388 716 1445 sunt
737 1381 843 1445 ceteri.
889 1380 1004 1463 ltaque
1024 1401 1108 1445 anuo
1133 1384 1207 1445 600.
1231 1381 1317 1446 vitae

173 1468 264 1534 Noae
285 1468 384 1539 refert
407 1470 511 1535 Moses
522 1468 684 1534 diluvium.
716 1469 786 1534 Ηοο
800 1468 923 1534 imitati
930 1474 1004 1534 sunt
1017 1468 1190 1552 pleraeque
1205 1474 1317 1553 gentes

172 1556 206 1620 ιιι
246 1558 448 1625 numerandis
489 1557 579 1622 annis
612 1564 743 1629 suoru'm
775 1558 965 1637 antistitum,
1002 1557 1161 1642 judicum,
1196 1579 1314 1642 regum,

172 1645 269 1730 impp
320 1644 383 1711 Ubi
411 1646 594 1725 notandum,
626 1666 691 1711 non
720 1667 813 1730 posse
841 1644 962 1725 doceri,
1002 1646 1077 1711 anni
1105 1644 1317 1727 ludaeorum,

87 1804 88 1807 ,
173 1733 375 1818 undecunque
397 1696 602 1814 denominati,
623 1734 713 1801 aliud
731 1735 828 1800 luisse
841 1733 969 1799 initium
982 1740 1057 1818 post
1071 1734 1200 1814 exitum,
1216 1756 1315 1818 quam

157 1844 312 1888 mensem
334 1844 487 1890 novarum
508 1823 646 1906 frugum.
691 1823 803 1906 ltaque
825 1823 937 1889 crebro
959 1824 1098 1890 occurrit
1112 1844 1216 1888 annus
1231 1823 1315 1889 idem

167 1911 300 1977 'ultirnus
322 1908 495 1978 decessoris
519 1910 545 1976 ιιι
567 1911 687 1994 primus
708 1912 907 1978 successoris.
1191 1950 1200 1967 .

74 2012 76 2017 ’
216 2002 260 2066 Αι
289 1998 383 2066 hodie
412 2000 546 2156 imperia
574 2005 752 2069 censentur
770 2001 812 2065 ab
834 1998 1008 2066 initialibus
1031 1999 1141 2069 diebus
1162 1999 1314 2083 propriis,

173 2096 209 2155 ιιι
232 2090 412 2156 &eventus
435 2097 483 2162 cet
485 2089 541 2155 eri.
587 2088 661 2171 Sic
661 2109 772 2155 aeram
785 2089 941 2172 Alphonsi
956 2090 1129 2155 ordiuntur
1144 2094 1211 2153 al.
1227 2089 1316 2154 Junii

173 2199 225 2243 an.
255 2177 321 2246 Inc
355 2183 450 2243 1252.
495 2179 548 2245 Sic
576 2199 659 2244 anno
694 2182 788 2245 1582.
816 2183 869 2297 15.
900 2185 930 2245 5.
953 2177 1084 2279 Octobr.
1108 2164 1215 2274 ineunt
1237 2179 1313 2243 ιιιιιιι

85 2306 91 2311 -
175 2267 381 2333 correctionis
399 2263 626 2350 Gregorianae.
748 2302 751 2313 ·

159 2398 162 2407 ι
218 2356 361 2448 Denique
383 2376 467 2420 anno
493 2359 587 2427 1519.
612 2359 665 2419 28.
692 2359 742 2420 18.
763 2290 900 2438 ilugusti
921 2289 1077 2441 incipiunt
1096 2376 1171 2421 anm
1163 2353 1256 2441 Imp
1257 2354 1316 2420 erii
1375 2355 1379 2367 “

56 2458 59 2462 “
175 2440 411 2513 Fordinandi
432 2443 476 2510 ll.
500 2446 539 2510 R.
563 2443 588 2508 1.
612 2444 703 2533 Aug.
728 2444 762 2510 C.
786 2444 824 2509 V.
849 2441 881 2508 S.
904 2441 941 2512 V.
