<?xml version="1.0" encoding="UTF-8"?>
<!DOCTYPE html PUBLIC "-//W3C//DTD XHTML 1.0 Transitional//EN"
    "http://www.w3.org/TR/xhtml1/DTD/xhtml1-transitional.dtd">
<html xmlns="http://www.w3.org/1999/xhtml" xml:lang="en" lang="en">
 <head>
  <title>
</title>
<meta http-equiv="Content-Type" content="text/html;charset=utf-8" />
  <meta name='ocr-system' content='tesseract 3.04.00' />
  <meta name='ocr-capabilities' content='ocr_page ocr_carea ocr_par ocr_line ocrx_word'/>
</head>
<body>
  <div class='ocr_page' id='page_1' title='image "./joanniskepleria13frisgoog_0119.png"; bbox 0 0 3142 5476; ppageno 0'>
   <div class='ocr_carea' id='block_1_1' title="bbox 193 237 1123 326">
    <p class='ocr_par' dir='ltr' id='par_1_1' title="bbox 193 237 1123 326">
     <span class='ocr_line' id='line_1_1' title="bbox 193 237 1123 326; baseline 0.006 -19"><span class='ocrx_word' id='word_1_1' title='bbox 193 237 262 308; x_wconf 79' lang='lat' dir='ltr'><strong>tot</strong></span> <span class='ocrx_word' id='word_1_2' title='bbox 630 246 1123 326; x_wconf 58' lang='lat' dir='ltr'><strong>nem‘rqretsramqssmese</strong></span> 
     </span>
    </p>
   </div>
   <div class='ocr_carea' id='block_1_2' title="bbox 189 399 1532 1199">
    <p class='ocr_par' dir='ltr' id='par_1_2' title="bbox 189 399 1532 1199">
     <span class='ocr_line' id='line_1_2' title="bbox 190 399 1532 488; baseline -0.005 -19"><span class='ocrx_word' id='word_1_3' title='bbox 190 405 223 469; x_wconf 91' lang='grc' dir='ltr'><strong>ιι</strong></span> <span class='ocrx_word' id='word_1_4' title='bbox 244 423 333 488; x_wconf 86' lang='lat' dir='ltr'><strong>quam</strong></span> <span class='ocrx_word' id='word_1_5' title='bbox 348 401 380 467; x_wconf 84' lang='lat' dir='ltr'><strong>S.</strong></span> <span class='ocrx_word' id='word_1_6' title='bbox 394 404 477 470; x_wconf 85' lang='lat' dir='ltr'><strong>Justi</strong></span> <span class='ocrx_word' id='word_1_7' title='bbox 498 403 636 467; x_wconf 82' lang='lat' dir='ltr'><strong>cellulam</strong></span> <span class='ocrx_word' id='word_1_8' title='bbox 657 403 708 467; x_wconf 87' lang='lat' dir='ltr'><strong>ille</strong></span> <span class='ocrx_word' id='word_1_9' title='bbox 728 403 895 467; x_wconf 81' lang='lat' dir='ltr'><strong>hierarcha</strong></span> <span class='ocrx_word' id='word_1_10' title='bbox 916 421 984 465; x_wconf 90' lang='lat' dir='ltr'><strong>sese</strong></span> <span class='ocrx_word' id='word_1_11' title='bbox 1007 399 1165 465; x_wconf 83' lang='lat' dir='ltr'><strong>abdiderit</strong></span> <span class='ocrx_word' id='word_1_12' title='bbox 1198 400 1245 465; x_wconf 84' lang='lat' dir='ltr'><strong>At</strong></span> <span class='ocrx_word' id='word_1_13' title='bbox 1259 400 1286 464; x_wconf 92' lang='lat' dir='ltr'><strong>si</strong></span> <span class='ocrx_word' id='word_1_14' title='bbox 1307 406 1400 483; x_wconf 80' lang='lat' dir='ltr'><strong>peter</strong></span> <span class='ocrx_word' id='word_1_15' title='bbox 1411 399 1532 463; x_wconf 67' lang='lat' dir='ltr'><strong>habeat⁴</strong></span> 
     </span>
     <span class='ocr_line' id='line_1_3' title="bbox 191 486 1523 575; baseline -0.005 -16"><span class='ocrx_word' id='word_1_16' title='bbox 191 495 234 559; x_wconf 88' lang='lat'><strong>44</strong></span> <span class='ocrx_word' id='word_1_17' title='bbox 255 511 349 575; x_wconf 88' lang='lat' dir='ltr'><strong>usque</strong></span> <span class='ocrx_word' id='word_1_18' title='bbox 371 495 411 557; x_wconf 90' lang='lat' dir='ltr'><strong>ad</strong></span> <span class='ocrx_word' id='word_1_19' title='bbox 431 494 520 556; x_wconf 85' lang='lat' dir='ltr'><strong>finem</strong></span> <span class='ocrx_word' id='word_1_20' title='bbox 542 486 678 574; x_wconf 88' lang='lat' dir='ltr'><strong>(seilicet</strong></span> <span class='ocrx_word' id='word_1_21' title='bbox 697 487 796 573; x_wconf 87' lang='lat' dir='ltr'><strong>vitae)</strong></span> <span class='ocrx_word' id='word_1_22' title='bbox 818 492 984 574; x_wconf 85' lang='lat' dir='ltr'><strong>imperans,</strong></span> <span class='ocrx_word' id='word_1_23' title='bbox 1010 490 1261 554; x_wconf 85' lang='lat' dir='ltr'><strong>Evilmerodacho</strong></span> <span class='ocrx_word' id='word_1_24' title='bbox 1276 496 1391 572; x_wconf 36' lang='lat' dir='ltr'><strong>‘pereat</strong></span> <span class='ocrx_word' id='word_1_25' title='bbox 1411 489 1523 571; x_wconf 85' lang='lat' dir='ltr'><strong>primus</strong></span> 
     </span>
     <span class='ocr_line' id='line_1_4' title="bbox 192 578 1524 664; baseline -0.005 -17"><span class='ocrx_word' id='word_1_26' title='bbox 192 602 304 659; x_wconf 89' lang='lat' dir='ltr'><strong>annus,</strong></span> <span class='ocrx_word' id='word_1_27' title='bbox 324 589 384 664; x_wconf 86' lang='lat' dir='ltr'><strong>quo</strong></span> <span class='ocrx_word' id='word_1_28' title='bbox 408 589 603 645; x_wconf 79' lang='lat' dir='ltr'><strong>concurrerat</strong></span> <span class='ocrx_word' id='word_1_29' title='bbox 623 601 689 646; x_wconf 89' lang='lat' dir='ltr'><strong>cum</strong></span> <span class='ocrx_word' id='word_1_30' title='bbox 709 588 807 663; x_wconf 84' lang='lat' dir='ltr'><strong>patre.</strong></span> <span class='ocrx_word' id='word_1_31' title='bbox 850 583 1017 645; x_wconf 87' lang='lat' dir='ltr'><strong>Testantur</strong></span> <span class='ocrx_word' id='word_1_32' title='bbox 1038 578 1136 644; x_wconf 81' lang='lat' dir='ltr'><strong>Sacra</strong></span> <span class='ocrx_word' id='word_1_33' title='bbox 1156 586 1263 643; x_wconf 83' lang='lat' dir='ltr'><strong>nostra</strong></span> <span class='ocrx_word' id='word_1_34' title='bbox 1286 579 1324 643; x_wconf 88' lang='lat' dir='ltr'><strong>de</strong></span> <span class='ocrx_word' id='word_1_35' title='bbox 1348 578 1401 644; x_wconf 88' lang='grc'><strong>44.</strong></span> <span class='ocrx_word' id='word_1_36' title='bbox 1446 579 1524 642; x_wconf 84' lang='lat' dir='ltr'><strong>Nan</strong></span> 
     </span>
     <span class='ocr_line' id='line_1_5' title="bbox 191 667 1522 751; baseline -0.005 -14"><span class='ocrx_word' id='word_1_37' title='bbox 191 680 317 737; x_wconf 87' lang='lat' dir='ltr'><strong>octavus</strong></span> <span class='ocrx_word' id='word_1_38' title='bbox 331 671 638 736; x_wconf 88' lang='lat' dir='ltr'><strong>Nabuchodonosoris</strong></span> <span class='ocrx_word' id='word_1_39' title='bbox 659 671 820 734; x_wconf 76' lang='lat' dir='ltr'><strong>decurrens</strong></span> <span class='ocrx_word' id='word_1_40' title='bbox 843 678 893 734; x_wconf 92' lang='lat' dir='ltr'><strong>est</strong></span> <span class='ocrx_word' id='word_1_41' title='bbox 907 689 1004 733; x_wconf 90' lang='lat' dir='ltr'><strong>annus</strong></span> <span class='ocrx_word' id='word_1_42' title='bbox 1019 670 1101 751; x_wconf 91' lang='lat' dir='ltr'><strong>capti</strong></span> <span class='ocrx_word' id='word_1_43' title='bbox 1115 668 1295 745; x_wconf 74' lang='lat' dir='ltr'><strong>secheniae,</strong></span> <span class='ocrx_word' id='word_1_44' title='bbox 1318 668 1397 731; x_wconf 88' lang='lat' dir='ltr'><strong>adde</strong></span> <span class='ocrx_word' id='word_1_45' title='bbox 1412 667 1457 731; x_wconf 90' lang='grc'><strong>26</strong></span> <span class='ocrx_word' id='word_1_46' title='bbox 1471 687 1522 730; x_wconf 82' lang='lat' dir='ltr'><strong>so-</strong></span> 
     </span>
     <span class='ocr_line' id='line_1_6' title="bbox 190 757 1523 843; baseline -0.003 -19"><span class='ocrx_word' id='word_1_47' title='bbox 190 761 268 824; x_wconf 86' lang='lat' dir='ltr'><strong>lidos</strong></span> <span class='ocrx_word' id='word_1_48' title='bbox 289 759 444 843; x_wconf 88' lang='lat' dir='ltr'><strong>utrinque,</strong></span> <span class='ocrx_word' id='word_1_49' title='bbox 473 760 532 823; x_wconf 90' lang='lat' dir='ltr'><strong>erit</strong></span> <span class='ocrx_word' id='word_1_50' title='bbox 551 760 603 824; x_wconf 78' lang='grc'><strong>44</strong></span> <span class='ocrx_word' id='word_1_51' title='bbox 624 759 704 840; x_wconf 85' lang='lat' dir='ltr'><strong>illins</strong></span> <span class='ocrx_word' id='word_1_52' title='bbox 721 761 882 824; x_wconf 83' lang='lat' dir='ltr'><strong>decurrens</strong></span> <span class='ocrx_word' id='word_1_53' title='bbox 903 759 991 841; x_wconf 87' lang='lat' dir='ltr'><strong>hujus</strong></span> <span class='ocrx_word' id='word_1_54' title='bbox 1012 759 1171 822; x_wconf 85' lang='lat' dir='ltr'><strong>vicesimus</strong></span> <span class='ocrx_word' id='word_1_55' title='bbox 1193 758 1347 839; x_wconf 85' lang='lat' dir='ltr'><strong>septimus.</strong></span> <span class='ocrx_word' id='word_1_56' title='bbox 1392 757 1438 820; x_wconf 88' lang='lat' dir='ltr'><strong>Et</strong></span> <span class='ocrx_word' id='word_1_57' title='bbox 1456 757 1523 838; x_wconf 77' lang='lat' dir='ltr'><strong>qma</strong></span> 
     </span>
     <span class='ocr_line' id='line_1_7' title="bbox 189 846 1522 930; baseline -0.005 -16"><span class='ocrx_word' id='word_1_58' title='bbox 189 849 420 917; x_wconf 84' lang='lat' dir='ltr'><strong>Evilmerodach</strong></span> <span class='ocrx_word' id='word_1_59' title='bbox 441 868 549 913; x_wconf 90' lang='lat' dir='ltr'><strong>mense.</strong></span> <span class='ocrx_word' id='word_1_60' title='bbox 569 851 618 914; x_wconf 83' lang='lat'><strong>12.</strong></span> <span class='ocrx_word' id='word_1_61' title='bbox 632 849 776 925; x_wconf 84' lang='lat' dir='ltr'><strong>Judeioo,</strong></span> <span class='ocrx_word' id='word_1_62' title='bbox 802 850 860 913; x_wconf 92' lang='lat' dir='ltr'><strong>hoc</strong></span> <span class='ocrx_word' id='word_1_63' title='bbox 880 857 931 913; x_wconf 90' lang='lat' dir='ltr'><strong>est</strong></span> <span class='ocrx_word' id='word_1_64' title='bbox 950 857 1022 930; x_wconf 91' lang='lat' dir='ltr'><strong>post</strong></span> <span class='ocrx_word' id='word_1_65' title='bbox 1042 848 1161 911; x_wconf 88' lang='lat' dir='ltr'><strong>initium</strong></span> <span class='ocrx_word' id='word_1_66' title='bbox 1183 846 1406 930; x_wconf 72' lang='lat' dir='ltr'><strong>quadragesimi</strong></span> <span class='ocrx_word' id='word_1_67' title='bbox 1430 846 1522 928; x_wconf 89' lang='lat' dir='ltr'><strong>quinti</strong></span> 
     </span>
     <span class='ocr_line' id='line_1_8' title="bbox 189 936 1521 1022; baseline -0.004 -18"><span class='ocrx_word' id='word_1_68' title='bbox 189 938 481 1004; x_wconf 90' lang='lat' dir='ltr'><strong>Nabuchodonosori</strong></span> <span class='ocrx_word' id='word_1_69' title='bbox 494 939 609 1021; x_wconf 89' lang='lat' dir='ltr'><strong>coepit,</strong></span> <span class='ocrx_word' id='word_1_70' title='bbox 630 938 723 1019; x_wconf 91' lang='lat' dir='ltr'><strong>igitur</strong></span> <span class='ocrx_word' id='word_1_71' title='bbox 736 939 942 1022; x_wconf 90' lang='lat' dir='ltr'><strong>relinquuntur</strong></span> <span class='ocrx_word' id='word_1_72' title='bbox 956 939 1254 1002; x_wconf 87' lang='lat' dir='ltr'><strong>Nabuchodonosoro</strong></span> <span class='ocrx_word' id='word_1_73' title='bbox 1275 937 1320 1000; x_wconf 90' lang='grc'><strong>44</strong></span> <span class='ocrx_word' id='word_1_74' title='bbox 1332 936 1433 1000; x_wconf 87' lang='lat' dir='ltr'><strong>solidi.</strong></span> <span class='ocrx_word' id='word_1_75' title='bbox 1476 936 1521 999; x_wconf 86' lang='lat' dir='ltr'><strong>Dc</strong></span> 
     </span>
     <span class='ocr_line' id='line_1_9' title="bbox 190 1025 1521 1130; baseline -0.004 -38"><span class='ocrx_word' id='word_1_76' title='bbox 190 1048 241 1104; x_wconf 90' lang='lat' dir='ltr'><strong>eo,</strong></span> <span class='ocrx_word' id='word_1_77' title='bbox 252 1026 342 1130; x_wconf 82' lang='lat' dir='ltr'><strong>quod</strong></span> <span class='ocrx_word' id='word_1_78' title='bbox 361 1028 609 1109; x_wconf 86' lang='lat' dir='ltr'><strong>Nirighssororos</strong></span> <span class='ocrx_word' id='word_1_79' title='bbox 623 1029 775 1104; x_wconf 75' lang='lat' dir='ltr'><strong>habeti,</strong></span> <span class='ocrx_word' id='word_1_80' title='bbox 797 1029 840 1091; x_wconf 90' lang='lat' dir='ltr'><strong>sic</strong></span> <span class='ocrx_word' id='word_1_81' title='bbox 852 1036 935 1111; x_wconf 77' lang='grc' dir='ltr'><strong>ιιιο</strong></span> <span class='ocrx_word' id='word_1_82' title='bbox 954 1047 1072 1102; x_wconf 87' lang='lat' dir='ltr'><strong>verum,</strong></span> <span class='ocrx_word' id='word_1_83' title='bbox 1093 1034 1128 1092; x_wconf 87' lang='lat' dir='ltr'><strong>ut</strong></span> <span class='ocrx_word' id='word_1_84' title='bbox 1148 1027 1193 1090; x_wconf 90' lang='lat' dir='ltr'><strong>illi</strong></span> <span class='ocrx_word' id='word_1_85' title='bbox 1215 1043 1319 1090; x_wconf 91' lang='lat' dir='ltr'><strong>omnes</strong></span> <span class='ocrx_word' id='word_1_86' title='bbox 1341 1025 1521 1088; x_wconf 86' lang='lat' dir='ltr'><strong>titulcteuur</strong></span> 
     </span>
     <span class='ocr_line' id='line_1_10' title="bbox 189 1114 1521 1199; baseline -0.004 -17"><span class='ocrx_word' id='word_1_87' title='bbox 189 1116 376 1185; x_wconf 75' lang='lat' dir='ltr'><strong>accesserint</strong></span> <span class='ocrx_word' id='word_1_88' title='bbox 397 1117 501 1199; x_wconf 79' lang='lat' dir='ltr'><strong>nepoti</strong></span> <span class='ocrx_word' id='word_1_89' title='bbox 522 1118 844 1193; x_wconf 87' lang='lat' dir='ltr'><strong>Nabuchodonosoris‚</strong></span> <span class='ocrx_word' id='word_1_90' title='bbox 866 1139 903 1181; x_wconf 89' lang='lat' dir='ltr'><strong>re</strong></span> <span class='ocrx_word' id='word_1_91' title='bbox 921 1137 995 1181; x_wconf 81' lang='lat' dir='ltr'><strong>veru</strong></span> <span class='ocrx_word' id='word_1_92' title='bbox 1021 1123 1123 1179; x_wconf 88' lang='lat' dir='ltr'><strong>autem</strong></span> <span class='ocrx_word' id='word_1_93' title='bbox 1150 1115 1252 1180; x_wconf 84' lang='lat' dir='ltr'><strong>omnia</strong></span> <span class='ocrx_word' id='word_1_94' title='bbox 1271 1114 1370 1197; x_wconf 90' lang='lat' dir='ltr'><strong>egerit</strong></span> <span class='ocrx_word' id='word_1_95' title='bbox 1389 1114 1521 1180; x_wconf 81' lang='grc' dir='ltr'><strong>ιιιιιιιι.</strong></span> 
     </span>
    </p>
   </div>
   <div class='ocr_carea' id='block_1_3' title="bbox 87 1205 1523 1290">
    <p class='ocr_par' dir='ltr' id='par_1_3' title="bbox 87 1205 1523 1290">
     <span class='ocr_line' id='line_1_11' title="bbox 87 1205 1523 1290; baseline -0.003 -18"><span class='ocrx_word' id='word_1_96' title='bbox 87 1205 89 1209; x_wconf 72' lang='grc'>’</span> <span class='ocrx_word' id='word_1_97' title='bbox 187 1209 294 1290; x_wconf 88' lang='lat' dir='ltr'><strong>Itaque</strong></span> <span class='ocrx_word' id='word_1_98' title='bbox 312 1213 377 1270; x_wconf 88' lang='lat' dir='ltr'><strong>tres</strong></span> <span class='ocrx_word' id='word_1_99' title='bbox 392 1207 528 1271; x_wconf 88' lang='lat' dir='ltr'><strong>existunt</strong></span> <span class='ocrx_word' id='word_1_100' title='bbox 542 1208 783 1283; x_wconf 72' lang='lat' dir='ltr'><strong>numerationes,</strong></span> <span class='ocrx_word' id='word_1_101' title='bbox 801 1228 862 1272; x_wconf 90' lang='lat' dir='ltr'><strong>una</strong></span> <span class='ocrx_word' id='word_1_102' title='bbox 881 1208 1017 1271; x_wconf 91' lang='lat' dir='ltr'><strong>tribuens</strong></span> <span class='ocrx_word' id='word_1_103' title='bbox 1039 1225 1142 1270; x_wconf 90' lang='lat' dir='ltr'><strong>omnes</strong></span> <span class='ocrx_word' id='word_1_104' title='bbox 1157 1205 1182 1268; x_wconf 98' lang='grc'><strong>5</strong></span> <span class='ocrx_word' id='word_1_105' title='bbox 1199 1205 1325 1280; x_wconf 81' lang='lat' dir='ltr'><strong>uitrico,</strong></span> <span class='ocrx_word' id='word_1_106' title='bbox 1348 1205 1445 1268; x_wconf 87' lang='lat' dir='ltr'><strong>etiam</strong></span> <span class='ocrx_word' id='word_1_107' title='bbox 1460 1222 1523 1281; x_wconf 84' lang='lat' dir='ltr'><strong>curu</strong></span> 
     </span>
    </p>
   </div>
   <div class='ocr_carea' id='block_1_4' title="bbox 188 1292 1522 1559">
    <p class='ocr_par' dir='ltr' id='par_1_4' title="bbox 188 1292 1521 1559">
     <span class='ocr_line' id='line_1_12' title="bbox 189 1292 1521 1379; baseline -0.003 -19"><span class='ocrx_word' id='word_1_108' title='bbox 189 1316 228 1360; x_wconf 85' lang='lat' dir='ltr'><strong>ex·</strong></span> <span class='ocrx_word' id='word_1_109' title='bbox 247 1296 373 1378; x_wconf 82' lang='lat' dir='ltr'><strong>ephebis</strong></span> <span class='ocrx_word' id='word_1_110' title='bbox 389 1297 575 1361; x_wconf 85' lang='lat' dir='ltr'><strong>excessisset</strong></span> <span class='ocrx_word' id='word_1_111' title='bbox 593 1298 748 1379; x_wconf 83' lang='lat' dir='ltr'><strong>privignus</strong></span> <span class='ocrx_word' id='word_1_112' title='bbox 769 1316 825 1378; x_wconf 89' lang='lat' dir='ltr'><strong>per</strong></span> <span class='ocrx_word' id='word_1_113' title='bbox 846 1296 1017 1372; x_wconf 73' lang='lat' dir='ltr'><strong>mensori),</strong></span> <span class='ocrx_word' id='word_1_114' title='bbox 1036 1302 1073 1359; x_wconf 90' lang='lat' dir='ltr'><strong>ut</strong></span> <span class='ocrx_word' id='word_1_115' title='bbox 1092 1296 1168 1359; x_wconf 88' lang='lat' dir='ltr'><strong>haec</strong></span> <span class='ocrx_word' id='word_1_116' title='bbox 1190 1303 1244 1357; x_wconf 93' lang='lat' dir='ltr'><strong>tua</strong></span> <span class='ocrx_word' id='word_1_117' title='bbox 1257 1293 1377 1375; x_wconf 79' lang='lat' dir='ltr'><strong>Regum</strong></span> <span class='ocrx_word' id='word_1_118' title='bbox 1401 1292 1521 1367; x_wconf 61' lang='lat' dir='ltr'><strong>caede</strong></span> 
     </span>
     <span class='ocr_line' id='line_1_13' title="bbox 188 1376 1522 1468; baseline -0.002 -19"><span class='ocrx_word' id='word_1_119' title='bbox 188 1387 286 1451; x_wconf 87' lang='lat' dir='ltr'><strong>altera</strong></span> <span class='ocrx_word' id='word_1_120' title='bbox 301 1385 437 1450; x_wconf 91' lang='lat' dir='ltr'><strong>tribuens</strong></span> <span class='ocrx_word' id='word_1_121' title='bbox 451 1404 555 1449; x_wconf 88' lang='lat' dir='ltr'><strong>omnes</strong></span> <span class='ocrx_word' id='word_1_122' title='bbox 571 1386 591 1449; x_wconf 93' lang='grc'><strong>5</strong></span> <span class='ocrx_word' id='word_1_123' title='bbox 606 1387 680 1462; x_wconf 86' lang='lat' dir='ltr'><strong>filio,</strong></span> <span class='ocrx_word' id='word_1_124' title='bbox 700 1393 736 1458; x_wconf 90' lang='lat' dir='ltr'><strong>ut</strong></span> <span class='ocrx_word' id='word_1_125' title='bbox 750 1386 876 1461; x_wconf 79' lang='lat' dir='ltr'><strong>Daniel,</strong></span> <span class='ocrx_word' id='word_1_126' title='bbox 898 1386 948 1468; x_wconf 94' lang='lat' dir='ltr'><strong>qui</strong></span> <span class='ocrx_word' id='word_1_127' title='bbox 969 1392 1108 1450; x_wconf 85' lang='lat' dir='ltr'><strong>numerat</strong></span> <span class='ocrx_word' id='word_1_128' title='bbox 1128 1385 1253 1448; x_wconf 85' lang='lat' dir='ltr'><strong>tertium</strong></span> <span class='ocrx_word' id='word_1_129' title='bbox 1270 1376 1522 1461; x_wconf 75' lang='lat' dir='ltr'><strong>Belsararis(eu</strong></span> 
     </span>
     <span class='ocr_line' id='line_1_14' title="bbox 188 1434 1520 1559; baseline -0.002 -21"><span class='ocrx_word' id='word_1_130' title='bbox 188 1495 245 1559; x_wconf 93' lang='lat' dir='ltr'><strong>quo</strong></span> <span class='ocrx_word' id='word_1_131' title='bbox 261 1475 478 1555; x_wconf 77' lang='grc' dir='ltr'><strong>ιοιιιιιιιιιι,</strong></span> <span class='ocrx_word' id='word_1_132' title='bbox 499 1496 538 1539; x_wconf 92' lang='lat' dir='ltr'><strong>au</strong></span> <span class='ocrx_word' id='word_1_133' title='bbox 552 1475 653 1556; x_wconf 87' lang='lat' dir='ltr'><strong>possis</strong></span> <span class='ocrx_word' id='word_1_134' title='bbox 671 1434 802 1539; x_wconf 56' lang='lat' dir='ltr'><strong>’formare</strong></span> <span class='ocrx_word' id='word_1_135' title='bbox 817 1475 1082 1545; x_wconf 85' lang='lat' dir='ltr'><strong>Labahsoroaoum</strong></span> <span class='ocrx_word' id='word_1_136' title='bbox 1103 1475 1152 1537; x_wconf 88' lang='lat' dir='ltr'><strong>vel</strong></span> <span class='ocrx_word' id='word_1_137' title='bbox 1166 1472 1520 1547; x_wconf 84' lang='lat' dir='ltr'><strong>Leborosoardachum);</strong></span> 
     </span>
    </p>
   </div>
   <div class='ocr_carea' id='block_1_5' title="bbox 92 1562 1519 1646">
    <p class='ocr_par' dir='ltr' id='par_1_5' title="bbox 92 1562 1519 1646">
     <span class='ocr_line' id='line_1_15' title="bbox 92 1562 1519 1646; baseline -0.004 -17"><span class='ocrx_word' id='word_1_138' title='bbox 92 1587 101 1599; x_wconf 68' lang='lat'><strong><em>‘</em></strong></span> <span class='ocrx_word' id='word_1_139' title='bbox 187 1564 281 1628; x_wconf 84' lang='lat' dir='ltr'><strong>tertie</strong></span> <span class='ocrx_word' id='word_1_140' title='bbox 296 1564 500 1646; x_wconf 89' lang='lat' dir='ltr'><strong>distinguens,</strong></span> <span class='ocrx_word' id='word_1_141' title='bbox 520 1572 556 1628; x_wconf 93' lang='lat' dir='ltr'><strong>ut</strong></span> <span class='ocrx_word' id='word_1_142' title='bbox 572 1565 689 1629; x_wconf 80' lang='lat' dir='ltr'><strong>Berosi</strong></span> <span class='ocrx_word' id='word_1_143' title='bbox 735 1564 844 1628; x_wconf 87' lang='lat' dir='ltr'><strong>Obiter</strong></span> <span class='ocrx_word' id='word_1_144' title='bbox 865 1564 1013 1645; x_wconf 87' lang='lat' dir='ltr'><strong>interjicio</strong></span> <span class='ocrx_word' id='word_1_145' title='bbox 1034 1583 1075 1626; x_wconf 89' lang='lat' dir='ltr'><strong>ex</strong></span> <span class='ocrx_word' id='word_1_146' title='bbox 1095 1563 1238 1638; x_wconf 87' lang='lat' dir='ltr'><strong>Daniele,</strong></span> <span class='ocrx_word' id='word_1_147' title='bbox 1259 1581 1326 1625; x_wconf 91' lang='lat' dir='ltr'><strong>cum</strong></span> <span class='ocrx_word' id='word_1_148' title='bbox 1347 1562 1425 1625; x_wconf 93' lang='lat' dir='ltr'><strong>dicit</strong></span> <span class='ocrx_word' id='word_1_149' title='bbox 1445 1579 1519 1624; x_wconf 88' lang='lat' dir='ltr'><strong>anno</strong></span> 
     </span>
    </p>
   </div>
   <div class='ocr_carea' id='block_1_6' title="bbox 116 1651 1523 2272">
    <p class='ocr_par' dir='ltr' id='par_1_6' title="bbox 116 1651 1523 2272">
     <span class='ocr_line' id='line_1_16' title="bbox 188 1651 1522 1735; baseline -0.004 -18"><span class='ocrx_word' id='word_1_150' title='bbox 188 1655 317 1718; x_wconf 90' lang='lat' dir='ltr'><strong>secundo</strong></span> <span class='ocrx_word' id='word_1_151' title='bbox 333 1654 640 1717; x_wconf 87' lang='lat' dir='ltr'><strong>Nabuchodonosoris</strong></span> <span class='ocrx_word' id='word_1_152' title='bbox 655 1654 751 1717; x_wconf 86' lang='lat' dir='ltr'><strong>visam</strong></span> <span class='ocrx_word' id='word_1_153' title='bbox 767 1660 915 1729; x_wconf 91' lang='lat' dir='ltr'><strong>statuam,</strong></span> <span class='ocrx_word' id='word_1_154' title='bbox 937 1654 964 1716; x_wconf 87' lang='lat' dir='ltr'><strong>is</strong></span> <span class='ocrx_word' id='word_1_155' title='bbox 979 1661 1029 1717; x_wconf 92' lang='lat' dir='ltr'><strong>est</strong></span> <span class='ocrx_word' id='word_1_156' title='bbox 1047 1653 1152 1735; x_wconf 88' lang='lat' dir='ltr'><strong>procul</strong></span> <span class='ocrx_word' id='word_1_157' title='bbox 1168 1653 1258 1716; x_wconf 90' lang='lat' dir='ltr'><strong>dubio</strong></span> <span class='ocrx_word' id='word_1_158' title='bbox 1277 1654 1329 1714; x_wconf 91' lang='grc'><strong>22.</strong></span> <span class='ocrx_word' id='word_1_159' title='bbox 1374 1651 1458 1714; x_wconf 90' lang='lat' dir='ltr'><strong>Nam</strong></span> <span class='ocrx_word' id='word_1_160' title='bbox 1472 1657 1522 1712; x_wconf 84' lang='lat' dir='ltr'><strong>tus</strong></span> 
     </span>
     <span class='ocr_line' id='line_1_17' title="bbox 188 1741 1520 1823; baseline -0.004 -16"><span class='ocrx_word' id='word_1_161' title='bbox 188 1744 247 1807; x_wconf 88' lang='lat' dir='ltr'><strong>duo</strong></span> <span class='ocrx_word' id='word_1_162' title='bbox 261 1743 349 1807; x_wconf 85' lang='lat' dir='ltr'><strong>initia</strong></span> <span class='ocrx_word' id='word_1_163' title='bbox 363 1742 653 1807; x_wconf 89' lang='lat' dir='ltr'><strong>Nabuchodonosori</strong></span> <span class='ocrx_word' id='word_1_164' title='bbox 669 1743 791 1805; x_wconf 87' lang='lat' dir='ltr'><strong>diversa</strong></span> <span class='ocrx_word' id='word_1_165' title='bbox 809 1744 946 1806; x_wconf 90' lang='lat' dir='ltr'><strong>nituntur</strong></span> <span class='ocrx_word' id='word_1_166' title='bbox 962 1743 1055 1806; x_wconf 82' lang='lat' dir='ltr'><strong>anuis</strong></span> <span class='ocrx_word' id='word_1_167' title='bbox 1077 1742 1119 1806; x_wconf 84' lang='lat'><strong>29</strong></span> <span class='ocrx_word' id='word_1_168' title='bbox 1138 1741 1412 1823; x_wconf 79' lang='lat' dir='ltr'><strong>Nabopolassaria,</strong></span> <span class='ocrx_word' id='word_1_169' title='bbox 1436 1757 1520 1821; x_wconf 83' lang='lat' dir='ltr'><strong>quum</strong></span> 
     </span>
     <span class='ocr_line' id='line_1_18' title="bbox 186 1829 1523 1915; baseline -0.006 -16"><span class='ocrx_word' id='word_1_170' title='bbox 186 1832 422 1913; x_wconf 76' lang='lat' dir='ltr'><strong>numerationem</strong></span> <span class='ocrx_word' id='word_1_171' title='bbox 438 1833 505 1912; x_wconf 90' lang='lat' dir='ltr'><strong>jam</strong></span> <span class='ocrx_word' id='word_1_172' title='bbox 525 1832 625 1913; x_wconf 87' lang='lat' dir='ltr'><strong>rejeci.</strong></span> <span class='ocrx_word' id='word_1_173' title='bbox 660 1830 781 1904; x_wconf 78' lang='lat' dir='ltr'><strong>Quaero</strong></span> <span class='ocrx_word' id='word_1_174' title='bbox 797 1851 869 1914; x_wconf 89' lang='lat' dir='ltr'><strong>ergo</strong></span> <span class='ocrx_word' id='word_1_175' title='bbox 881 1852 924 1895; x_wconf 87' lang='lat' dir='ltr'><strong>ex</strong></span> <span class='ocrx_word' id='word_1_176' title='bbox 938 1840 992 1907; x_wconf 75' lang='lat' dir='ltr'><strong>te,</strong></span> <span class='ocrx_word' id='word_1_177' title='bbox 1004 1852 1075 1896; x_wconf 91' lang='lat' dir='ltr'><strong>uum</strong></span> <span class='ocrx_word' id='word_1_178' title='bbox 1089 1832 1160 1915; x_wconf 93' lang='lat' dir='ltr'><strong>quid</strong></span> <span class='ocrx_word' id='word_1_179' title='bbox 1175 1833 1254 1895; x_wconf 83' lang='lat' dir='ltr'><strong>forte</strong></span> <span class='ocrx_word' id='word_1_180' title='bbox 1268 1829 1410 1894; x_wconf 84' lang='lat' dir='ltr'><strong>fallaciae</strong></span> <span class='ocrx_word' id='word_1_181' title='bbox 1425 1829 1523 1892; x_wconf 85' lang='lat' dir='ltr'><strong>lateat</strong></span> 
     </span>
     <span class='ocr_line' id='line_1_19' title="bbox 116 1919 1521 2005; baseline -0.003 -20"><span class='ocrx_word' id='word_1_182' title='bbox 116 1925 119 1941; x_wconf 93' lang='lat'>&#39;</span> <span class='ocrx_word' id='word_1_183' title='bbox 188 1924 195 1939; x_wconf 78' lang='lat'>⁸</span> <span class='ocrx_word' id='word_1_184' title='bbox 185 1942 292 1998; x_wconf 90' lang='lat' dir='ltr'><strong>1n,eo</strong></span> <span class='ocrx_word' id='word_1_185' title='bbox 323 1922 403 2005; x_wconf 91' lang='lat' dir='ltr'><strong>quod</strong></span> <span class='ocrx_word' id='word_1_186' title='bbox 424 1922 501 1984; x_wconf 89' lang='lat' dir='ltr'><strong>duae</strong></span> <span class='ocrx_word' id='word_1_187' title='bbox 523 1928 630 1996; x_wconf 83' lang='lat' dir='ltr'><strong>voces,</strong></span> <span class='ocrx_word' id='word_1_188' title='bbox 660 1941 785 2003; x_wconf 90' lang='lat' dir='ltr'><strong>quarum</strong></span> <span class='ocrx_word' id='word_1_189' title='bbox 800 1923 905 1985; x_wconf 85' lang='lat' dir='ltr'><strong>altera</strong></span> <span class='ocrx_word' id='word_1_190' title='bbox 927 1941 1056 1997; x_wconf 90' lang='lat' dir='ltr'><strong>annus,</strong></span> <span class='ocrx_word' id='word_1_191' title='bbox 1085 1922 1184 1984; x_wconf 86' lang='lat' dir='ltr'><strong>altera</strong></span> <span class='ocrx_word' id='word_1_192' title='bbox 1212 1919 1392 1983; x_wconf 90' lang='lat' dir='ltr'><strong>secundus</strong></span> <span class='ocrx_word' id='word_1_193' title='bbox 1424 1924 1521 1992; x_wconf 73' lang='lat' dir='ltr'><strong>sonat,</strong></span> 
     </span>
     <span class='ocr_line' id='line_1_20' title="bbox 185 2006 1519 2117; baseline -0.004 -41"><span class='ocrx_word' id='word_1_194' title='bbox 185 2012 335 2076; x_wconf 82' lang='lat' dir='ltr'><strong>Hebraico</strong></span> <span class='ocrx_word' id='word_1_195' title='bbox 357 2007 473 2092; x_wconf 89' lang='lat' dir='ltr'><strong>(nescio</strong></span> <span class='ocrx_word' id='word_1_196' title='bbox 497 2032 536 2076; x_wconf 86' lang='lat' dir='ltr'><strong>en</strong></span> <span class='ocrx_word' id='word_1_197' title='bbox 552 2019 584 2074; x_wconf 89' lang='lat' dir='ltr'><strong>et</strong></span> <span class='ocrx_word' id='word_1_198' title='bbox 599 2008 782 2117; x_wconf 76' lang='lat' dir='ltr'><strong>chaldaice)</strong></span> <span class='ocrx_word' id='word_1_199' title='bbox 803 2012 910 2074; x_wconf 90' lang='lat' dir='ltr'><strong>iisdem</strong></span> <span class='ocrx_word' id='word_1_200' title='bbox 932 2012 1103 2076; x_wconf 88' lang='lat' dir='ltr'><strong>scribuntur</strong></span> <span class='ocrx_word' id='word_1_201' title='bbox 1116 2011 1222 2074; x_wconf 89' lang='lat' dir='ltr'><strong>literis</strong></span> <span class='ocrx_word' id='word_1_202' title='bbox 1257 2010 1370 2089; x_wconf 79' lang='lat' dir='ltr'><strong>Altera</strong></span> <span class='ocrx_word' id='word_1_203' title='bbox 1375 2006 1519 2089; x_wconf 86' lang='lat' dir='ltr'><strong>objectio</strong></span> 
     </span>
     <span class='ocr_line' id='line_1_21' title="bbox 138 2094 1519 2183; baseline -0.004 -18"><span class='ocrx_word' id='word_1_204' title='bbox 138 2147 142 2155; x_wconf 73' lang='lat'><strong>,</strong></span> <span class='ocrx_word' id='word_1_205' title='bbox 187 2120 255 2165; x_wconf 87' lang='lat' dir='ltr'><strong>esse</strong></span> <span class='ocrx_word' id='word_1_206' title='bbox 269 2107 374 2183; x_wconf 89' lang='lat' dir='ltr'><strong>potest</strong></span> <span class='ocrx_word' id='word_1_207' title='bbox 389 2119 428 2162; x_wconf 88' lang='lat' dir='ltr'><strong>ex</strong></span> <span class='ocrx_word' id='word_1_208' title='bbox 440 2101 573 2177; x_wconf 87' lang='lat' dir='ltr'><strong>Berosc</strong></span> <span class='ocrx_word' id='word_1_209' title='bbox 595 2100 644 2183; x_wconf 90' lang='lat' dir='ltr'><strong>qui</strong></span> <span class='ocrx_word' id='word_1_210' title='bbox 663 2100 864 2164; x_wconf 86' lang='lat' dir='ltr'><strong>Nabounedio</strong></span> <span class='ocrx_word' id='word_1_211' title='bbox 883 2100 991 2164; x_wconf 83' lang='lat' dir='ltr'><strong>tribuit</strong></span> <span class='ocrx_word' id='word_1_212' title='bbox 1009 2120 1105 2164; x_wconf 87' lang='lat' dir='ltr'><strong>anuos</strong></span> <span class='ocrx_word' id='word_1_213' title='bbox 1127 2094 1176 2168; x_wconf 86' lang='grc'><strong>17.</strong></span> <span class='ocrx_word' id='word_1_214' title='bbox 1211 2099 1271 2163; x_wconf 88' lang='lat' dir='ltr'><strong>Hic</strong></span> <span class='ocrx_word' id='word_1_215' title='bbox 1290 2096 1444 2178; x_wconf 88' lang='lat' dir='ltr'><strong>suspicor,</strong></span> <span class='ocrx_word' id='word_1_216' title='bbox 1466 2097 1519 2160; x_wconf 81' lang='lat' dir='ltr'><strong>hoo</strong></span> 
     </span>
     <span class='ocr_line' id='line_1_22' title="bbox 185 2182 1519 2272; baseline -0.002 -20"><span class='ocrx_word' id='word_1_217' title='bbox 185 2190 317 2254; x_wconf 81' lang='lat' dir='ltr'><strong>uoluisse</strong></span> <span class='ocrx_word' id='word_1_218' title='bbox 342 2190 504 2266; x_wconf 86' lang='lat' dir='ltr'><strong>Berosum,</strong></span> <span class='ocrx_word' id='word_1_219' title='bbox 538 2189 650 2272; x_wconf 78' lang='lat' dir='ltr'><strong>Cyrum</strong></span> <span class='ocrx_word' id='word_1_220' title='bbox 683 2189 878 2270; x_wconf 87' lang='lat' dir='ltr'><strong>quadriennio</strong></span> <span class='ocrx_word' id='word_1_221' title='bbox 904 2210 924 2252; x_wconf 87' lang='lat' dir='ltr'><strong>a</strong></span> <span class='ocrx_word' id='word_1_222' title='bbox 956 2191 1005 2254; x_wconf 83' lang='lat'><strong>13.</strong></span> <span class='ocrx_word' id='word_1_223' title='bbox 1028 2188 1264 2253; x_wconf 86' lang='lat' dir='ltr'><strong>Nabounadii</strong></span> <span class='ocrx_word' id='word_1_224' title='bbox 1255 2209 1287 2251; x_wconf 89' lang='grc' dir='ltr'><strong>ιι</strong></span> <span class='ocrx_word' id='word_1_225' title='bbox 1318 2182 1368 2250; x_wconf 92' lang='grc'><strong>17.</strong></span> <span class='ocrx_word' id='word_1_226' title='bbox 1404 2186 1519 2269; x_wconf 80' lang='lat' dir='ltr'><strong>cepisse</strong></span> 
     </span>
    </p>
   </div>
   <div class='ocr_carea' id='block_1_7' title="bbox 67 2273 1520 2361">
    <p class='ocr_par' dir='ltr' id='par_1_7' title="bbox 67 2273 1520 2361">
     <span class='ocr_line' id='line_1_23' title="bbox 67 2273 1520 2361; baseline -0.006 -14"><span class='ocrx_word' id='word_1_227' title='bbox 67 2282 70 2295; x_wconf 75' lang='lat'><em>&#39;</em></span> <span class='ocrx_word' id='word_1_228' title='bbox 107 2333 110 2347; x_wconf 86' lang='lat'>.</span> <span class='ocrx_word' id='word_1_229' title='bbox 184 2278 310 2354; x_wconf 74' lang='lat' dir='ltr'><strong>Asiam,</strong></span> <span class='ocrx_word' id='word_1_230' title='bbox 338 2278 407 2341; x_wconf 92' lang='lat' dir='ltr'><strong>inde</strong></span> <span class='ocrx_word' id='word_1_231' title='bbox 427 2298 483 2360; x_wconf 88' lang='lat' dir='ltr'><strong>per</strong></span> <span class='ocrx_word' id='word_1_232' title='bbox 505 2279 663 2343; x_wconf 88' lang='lat' dir='ltr'><strong>continuos</strong></span> <span class='ocrx_word' id='word_1_233' title='bbox 687 2273 727 2341; x_wconf 92' lang='grc'><strong>17</strong></span> <span class='ocrx_word' id='word_1_234' title='bbox 748 2278 831 2342; x_wconf 90' lang='lat' dir='ltr'><strong>bella</strong></span> <span class='ocrx_word' id='word_1_235' title='bbox 852 2280 984 2360; x_wconf 82' lang='lat' dir='ltr'><strong>gessisse</strong></span> <span class='ocrx_word' id='word_1_236' title='bbox 1007 2299 1073 2342; x_wconf 89' lang='lat' dir='ltr'><strong>cum</strong></span> <span class='ocrx_word' id='word_1_237' title='bbox 1094 2278 1271 2361; x_wconf 85' lang='lat' dir='ltr'><strong>Babylonio.</strong></span> <span class='ocrx_word' id='word_1_238' title='bbox 1314 2277 1397 2340; x_wconf 81' lang='lat' dir='ltr'><strong>Nam</strong></span> <span class='ocrx_word' id='word_1_239' title='bbox 1418 2293 1520 2339; x_wconf 86' lang='lat' dir='ltr'><strong>verum</strong></span> 
     </span>
    </p>
   </div>
   <div class='ocr_carea' id='block_1_8' title="bbox 101 2365 1557 2896">
    <p class='ocr_par' dir='ltr' id='par_1_8' title="bbox 101 2365 1557 2896">
     <span class='ocr_line' id='line_1_24' title="bbox 101 2365 1519 2450; baseline -0.004 -18"><span class='ocrx_word' id='word_1_240' title='bbox 101 2371 109 2378; x_wconf 81' lang='grc'><strong>”</strong></span> <span class='ocrx_word' id='word_1_241' title='bbox 185 2367 278 2443; x_wconf 86' lang='lat' dir='ltr'><strong>dicis,</strong></span> <span class='ocrx_word' id='word_1_242' title='bbox 297 2387 358 2431; x_wconf 91' lang='lat' dir='ltr'><strong>non</strong></span> <span class='ocrx_word' id='word_1_243' title='bbox 372 2387 433 2430; x_wconf 84' lang='lat' dir='ltr'><strong>una</strong></span> <span class='ocrx_word' id='word_1_244' title='bbox 453 2386 556 2450; x_wconf 92' lang='lat' dir='ltr'><strong>pugna</strong></span> <span class='ocrx_word' id='word_1_245' title='bbox 570 2369 639 2432; x_wconf 92' lang='lat' dir='ltr'><strong>de</strong></span> <span class='ocrx_word' id='word_1_246' title='bbox 629 2367 754 2450; x_wconf 79' lang='lat' dir='ltr'><strong>imperio</strong></span> <span class='ocrx_word' id='word_1_247' title='bbox 776 2386 905 2448; x_wconf 87' lang='lat' dir='ltr'><strong>magnae</strong></span> <span class='ocrx_word' id='word_1_248' title='bbox 919 2368 1023 2431; x_wconf 88' lang='lat' dir='ltr'><strong>Asiae</strong></span> <span class='ocrx_word' id='word_1_249' title='bbox 1030 2367 1151 2431; x_wconf 88' lang='lat' dir='ltr'><strong>decerni</strong></span> <span class='ocrx_word' id='word_1_250' title='bbox 1171 2367 1280 2449; x_wconf 88' lang='lat' dir='ltr'><strong>potuit</strong></span> <span class='ocrx_word' id='word_1_251' title='bbox 1316 2365 1394 2428; x_wconf 83' lang='lat' dir='ltr'><strong>Mihi</strong></span> <span class='ocrx_word' id='word_1_252' title='bbox 1409 2366 1452 2429; x_wconf 84' lang='lat' dir='ltr'><strong>ad</strong></span> <span class='ocrx_word' id='word_1_253' title='bbox 1466 2366 1519 2430; x_wconf 91' lang='lat' dir='ltr'><strong>hoc</strong></span> 
     </span>
     <span class='ocr_line' id='line_1_25' title="bbox 185 2452 1557 2540; baseline -0.004 -18"><span class='ocrx_word' id='word_1_254' title='bbox 185 2474 300 2538; x_wconf 88' lang='lat' dir='ltr'><strong>magno</strong></span> <span class='ocrx_word' id='word_1_255' title='bbox 297 2464 363 2519; x_wconf 87' lang='lat' dir='ltr'><strong>est</strong></span> <span class='ocrx_word' id='word_1_256' title='bbox 375 2465 561 2538; x_wconf 89' lang='lat' dir='ltr'><strong>argumento,</strong></span> <span class='ocrx_word' id='word_1_257' title='bbox 577 2458 655 2539; x_wconf 91' lang='lat' dir='ltr'><strong>quod</strong></span> <span class='ocrx_word' id='word_1_258' title='bbox 670 2458 750 2520; x_wconf 89' lang='lat' dir='ltr'><strong>idem</strong></span> <span class='ocrx_word' id='word_1_259' title='bbox 763 2458 925 2539; x_wconf 84' lang='lat' dir='ltr'><strong>Josephus,</strong></span> <span class='ocrx_word' id='word_1_260' title='bbox 947 2458 997 2540; x_wconf 92' lang='lat' dir='ltr'><strong>qui</strong></span> <span class='ocrx_word' id='word_1_261' title='bbox 1011 2458 1089 2521; x_wconf 89' lang='lat' dir='ltr'><strong>citat</strong></span> <span class='ocrx_word' id='word_1_262' title='bbox 1101 2457 1181 2520; x_wconf 88' lang='lat' dir='ltr'><strong>hunc</strong></span> <span class='ocrx_word' id='word_1_263' title='bbox 1195 2457 1302 2531; x_wconf 85' lang='lat' dir='ltr'><strong>locum,</strong></span> <span class='ocrx_word' id='word_1_264' title='bbox 1321 2455 1399 2518; x_wconf 88' lang='lat' dir='ltr'><strong>nihil</strong></span> <span class='ocrx_word' id='word_1_265' title='bbox 1411 2472 1519 2536; x_wconf 79' lang='lat' dir='ltr'><strong>passus</strong></span> <span class='ocrx_word' id='word_1_266' title='bbox 1556 2452 1557 2457; x_wconf 70' lang='grc'>’</span> 
     </span>
     <span class='ocr_line' id='line_1_26' title="bbox 186 2544 1518 2630; baseline -0.001 -21"><span class='ocrx_word' id='word_1_267' title='bbox 186 2554 283 2610; x_wconf 87' lang='lat' dir='ltr'><strong>estse</strong></span> <span class='ocrx_word' id='word_1_268' title='bbox 298 2565 433 2625; x_wconf 81' lang='lat' dir='ltr'><strong>movere,</strong></span> <span class='ocrx_word' id='word_1_269' title='bbox 455 2567 513 2630; x_wconf 93' lang='lat' dir='ltr'><strong>quo</strong></span> <span class='ocrx_word' id='word_1_270' title='bbox 534 2547 632 2611; x_wconf 87' lang='lat' dir='ltr'><strong>minus</strong></span> <span class='ocrx_word' id='word_1_271' title='bbox 654 2547 692 2609; x_wconf 88' lang='lat' dir='ltr'><strong>ab</strong></span> <span class='ocrx_word' id='word_1_272' title='bbox 708 2546 863 2610; x_wconf 90' lang='lat' dir='ltr'><strong>obsidione</strong></span> <span class='ocrx_word' id='word_1_273' title='bbox 879 2546 967 2628; x_wconf 82' lang='lat' dir='ltr'><strong>Cyri,</strong></span> <span class='ocrx_word' id='word_1_274' title='bbox 989 2566 1066 2630; x_wconf 87' lang='lat' dir='ltr'><strong>quae</strong></span> <span class='ocrx_word' id='word_1_275' title='bbox 1080 2566 1159 2610; x_wconf 88' lang='lat' dir='ltr'><strong>auno</strong></span> <span class='ocrx_word' id='word_1_276' title='bbox 1177 2548 1226 2609; x_wconf 85' lang='lat'><strong>1⁰</strong></span> <span class='ocrx_word' id='word_1_277' title='bbox 1240 2544 1289 2608; x_wconf 83' lang='lat' dir='ltr'><strong>rel</strong></span> <span class='ocrx_word' id='word_1_278' title='bbox 1306 2544 1356 2607; x_wconf 91' lang='grc'><strong>11.</strong></span> <span class='ocrx_word' id='word_1_279' title='bbox 1371 2544 1518 2608; x_wconf 76' lang='lat' dir='ltr'><strong>Ezechiae</strong></span> 
     </span>
     <span class='ocr_line' id='line_1_27' title="bbox 185 2627 1519 2718; baseline -0.002 -19"><span class='ocrx_word' id='word_1_280' title='bbox 185 2635 295 2717; x_wconf 83' lang='lat' dir='ltr'><strong>coepit,</strong></span> <span class='ocrx_word' id='word_1_281' title='bbox 310 2635 373 2698; x_wconf 90' lang='lat' dir='ltr'><strong>ad</strong></span> <span class='ocrx_word' id='word_1_282' title='bbox 364 2635 482 2699; x_wconf 85' lang='lat' dir='ltr'><strong>mitium</strong></span> <span class='ocrx_word' id='word_1_283' title='bbox 498 2636 570 2718; x_wconf 83' lang='lat' dir='ltr'><strong>Cyri</strong></span> <span class='ocrx_word' id='word_1_284' title='bbox 584 2636 741 2702; x_wconf 87' lang='lat' dir='ltr'><strong>Persicum</strong></span> <span class='ocrx_word' id='word_1_285' title='bbox 755 2643 929 2700; x_wconf 89' lang='lat' dir='ltr'><strong>numeraret</strong></span> <span class='ocrx_word' id='word_1_286' title='bbox 942 2631 985 2700; x_wconf 95' lang='grc'><strong>47</strong></span> <span class='ocrx_word' id='word_1_287' title='bbox 1002 2656 1107 2710; x_wconf 85' lang='lat' dir='ltr'><strong>annos,</strong></span> <span class='ocrx_word' id='word_1_288' title='bbox 1128 2643 1161 2698; x_wconf 91' lang='lat' dir='ltr'><strong>et</strong></span> <span class='ocrx_word' id='word_1_289' title='bbox 1176 2636 1221 2698; x_wconf 90' lang='lat' dir='ltr'><strong>sic</strong></span> <span class='ocrx_word' id='word_1_290' title='bbox 1236 2635 1370 2698; x_wconf 87' lang='lat' dir='ltr'><strong>adhunc</strong></span> <span class='ocrx_word' id='word_1_291' title='bbox 1389 2627 1440 2696; x_wconf 93' lang='grc'><strong>17.</strong></span> <span class='ocrx_word' id='word_1_292' title='bbox 1456 2634 1519 2697; x_wconf 77' lang='lat' dir='ltr'><strong>Na·</strong></span> 
     </span>
     <span class='ocr_line' id='line_1_28' title="bbox 184 2718 1521 2807; baseline -0.001 -19"><span class='ocrx_word' id='word_1_293' title='bbox 184 2724 328 2788; x_wconf 90' lang='lat' dir='ltr'><strong>bounadii</strong></span> <span class='ocrx_word' id='word_1_294' title='bbox 349 2724 388 2787; x_wconf 92' lang='grc'><strong>51</strong></span> <span class='ocrx_word' id='word_1_295' title='bbox 407 2726 504 2807; x_wconf 85' lang='lat' dir='ltr'><strong>adque</strong></span> <span class='ocrx_word' id='word_1_296' title='bbox 521 2725 594 2806; x_wconf 83' lang='lat' dir='ltr'><strong>Cyri</strong></span> <span class='ocrx_word' id='word_1_297' title='bbox 615 2725 760 2789; x_wconf 89' lang='lat' dir='ltr'><strong>initium&#39;</strong></span> <span class='ocrx_word' id='word_1_298' title='bbox 751 2746 783 2788; x_wconf 90' lang='grc' dir='ltr'><strong>ιι</strong></span> <span class='ocrx_word' id='word_1_299' title='bbox 797 2725 954 2807; x_wconf 70' lang='lat' dir='ltr'><strong>Babylone</strong></span> <span class='ocrx_word' id='word_1_300' title='bbox 977 2724 1019 2789; x_wconf 89' lang='lat'><strong>68</strong></span> <span class='ocrx_word' id='word_1_301' title='bbox 1040 2725 1169 2788; x_wconf 85' lang='lat' dir='ltr'><strong>circiter.</strong></span> <span class='ocrx_word' id='word_1_302' title='bbox 1205 2718 1311 2788; x_wconf 80' lang='lat' dir='ltr'><strong>Tertio</strong></span> <span class='ocrx_word' id='word_1_303' title='bbox 1328 2724 1404 2786; x_wconf 89' lang='lat' dir='ltr'><strong>mihi</strong></span> <span class='ocrx_word' id='word_1_304' title='bbox 1417 2727 1521 2805; x_wconf 77' lang='lat' dir='ltr'><strong>potest</strong></span> 
     </span>
     <span class='ocr_line' id='line_1_29' title="bbox 185 2808 1520 2896; baseline -0.001 -19"><span class='ocrx_word' id='word_1_305' title='bbox 185 2813 275 2894; x_wconf 88' lang='lat' dir='ltr'><strong>objici</strong></span> <span class='ocrx_word' id='word_1_306' title='bbox 297 2814 454 2893; x_wconf 87' lang='lat' dir='ltr'><strong>catalogus</strong></span> <span class='ocrx_word' id='word_1_307' title='bbox 475 2813 595 2895; x_wconf 80' lang='lat' dir='ltr'><strong>Regum</strong></span> <span class='ocrx_word' id='word_1_308' title='bbox 615 2815 760 2896; x_wconf 83' lang='lat' dir='ltr'><strong>Aegypti.</strong></span> <span class='ocrx_word' id='word_1_309' title='bbox 803 2816 884 2877; x_wconf 89' lang='lat' dir='ltr'><strong>Nam</strong></span> <span class='ocrx_word' id='word_1_310' title='bbox 906 2815 931 2876; x_wconf 91' lang='lat' dir='ltr'><strong>si</strong></span> <span class='ocrx_word' id='word_1_311' title='bbox 953 2815 1117 2895; x_wconf 78' lang='lat' dir='ltr'><strong>eaptivitas</strong></span> <span class='ocrx_word' id='word_1_312' title='bbox 1139 2808 1227 2877; x_wconf 90' lang='lat' dir='ltr'><strong>duret</strong></span> <span class='ocrx_word' id='word_1_313' title='bbox 1249 2833 1344 2889; x_wconf 79' lang='lat' dir='ltr'><strong>annos</strong></span> <span class='ocrx_word' id='word_1_314' title='bbox 1367 2813 1432 2877; x_wconf 86' lang='lat' dir='ltr'><strong>iere</strong></span> <span class='ocrx_word' id='word_1_315' title='bbox 1448 2808 1520 2876; x_wconf 78' lang='grc' dir='ltr'><strong>7οι</strong></span> 
     </span>
    </p>
   </div>
   <div class='ocr_carea' id='block_1_9' title="bbox 55 2896 1521 2984">
    <p class='ocr_par' dir='ltr' id='par_1_9' title="bbox 55 2896 1521 2984">
     <span class='ocr_line' id='line_1_30' title="bbox 55 2896 1521 2984; baseline -0.001 -18"><span class='ocrx_word' id='word_1_316' title='bbox 55 2947 59 2958; x_wconf 76' lang='lat'>·</span> <span class='ocrx_word' id='word_1_317' title='bbox 186 2902 285 2984; x_wconf 85' lang='lat' dir='ltr'><strong>captis</strong></span> <span class='ocrx_word' id='word_1_318' title='bbox 305 2902 521 2984; x_wconf 74' lang='lat' dir='ltr'><strong>ierosolymis,</strong></span> <span class='ocrx_word' id='word_1_319' title='bbox 542 2904 657 2967; x_wconf 91' lang='lat' dir='ltr'><strong>numeri</strong></span> <span class='ocrx_word' id='word_1_320' title='bbox 677 2903 826 2966; x_wconf 86' lang='lat' dir='ltr'><strong>Herodoti</strong></span> <span class='ocrx_word' id='word_1_321' title='bbox 848 2923 910 2967; x_wconf 83' lang='grc' dir='ltr'><strong>ιιι</strong></span> <span class='ocrx_word' id='word_1_322' title='bbox 922 2896 1113 2984; x_wconf 87' lang='lat' dir='ltr'><strong>pertingunt,</strong></span> <span class='ocrx_word' id='word_1_323' title='bbox 1133 2911 1169 2966; x_wconf 89' lang='lat' dir='ltr'><strong>ut</strong></span> <span class='ocrx_word' id='word_1_324' title='bbox 1181 2903 1284 2966; x_wconf 91' lang='lat' dir='ltr'><strong>Necus</strong></span> <span class='ocrx_word' id='word_1_325' title='bbox 1299 2903 1357 2965; x_wconf 85' lang='lat' dir='ltr'><strong>sub</strong></span> <span class='ocrx_word' id='word_1_326' title='bbox 1369 2902 1463 2966; x_wconf 81' lang='lat' dir='ltr'><strong>Josia</strong></span> <span class='ocrx_word' id='word_1_327' title='bbox 1476 2902 1521 2976; x_wconf 78' lang='lat' dir='ltr'><strong>sit</strong></span> 
     </span>
    </p>
   </div>
   <div class='ocr_carea' id='block_1_10' title="bbox 157 2985 1523 3522">
    <p class='ocr_par' dir='ltr' id='par_1_10' title="bbox 157 2985 1523 3522">
     <span class='ocr_line' id='line_1_31' title="bbox 185 2985 1520 3075; baseline -0.001 -20"><span class='ocrx_word' id='word_1_328' title='bbox 185 2991 298 3072; x_wconf 81' lang='lat' dir='ltr'><strong>Aprica</strong></span> <span class='ocrx_word' id='word_1_329' title='bbox 314 2991 369 3053; x_wconf 88' lang='lat' dir='ltr'><strong>sub</strong></span> <span class='ocrx_word' id='word_1_330' title='bbox 385 2999 477 3072; x_wconf 89' lang='lat' dir='ltr'><strong>capta</strong></span> <span class='ocrx_word' id='word_1_331' title='bbox 491 2993 512 3055; x_wconf 92' lang='lat' dir='ltr'>J</span> <span class='ocrx_word' id='word_1_332' title='bbox 513 2985 691 3075; x_wconf 81' lang='lat' dir='ltr'><strong>erosolyma,</strong></span> <span class='ocrx_word' id='word_1_333' title='bbox 709 3000 746 3055; x_wconf 92' lang='grc' dir='ltr'><strong>ιι</strong></span> <span class='ocrx_word' id='word_1_334' title='bbox 760 2993 870 3055; x_wconf 86' lang='lat' dir='ltr'><strong>scimus</strong></span> <span class='ocrx_word' id='word_1_335' title='bbox 886 3013 924 3055; x_wconf 84' lang='lat' dir='ltr'><strong>ex</strong></span> <span class='ocrx_word' id='word_1_336' title='bbox 938 2995 959 3057; x_wconf 92' lang='lat' dir='ltr'>J</span> <span class='ocrx_word' id='word_1_337' title='bbox 960 2993 1085 3068; x_wconf 83' lang='lat' dir='ltr'><strong>eremia3</strong></span> <span class='ocrx_word' id='word_1_338' title='bbox 1111 2991 1209 3073; x_wconf 78' lang='lat' dir='ltr'><strong>Cyrus</strong></span> <span class='ocrx_word' id='word_1_339' title='bbox 1224 3011 1296 3055; x_wconf 86' lang='lat' dir='ltr'><strong>vero</strong></span> <span class='ocrx_word' id='word_1_340' title='bbox 1311 2992 1520 3073; x_wconf 81' lang='lat' dir='ltr'><strong>captivitatem</strong></span> 
     </span>
     <span class='ocr_line' id='line_1_32' title="bbox 157 3077 1519 3164; baseline -0.001 -21"><span class='ocrx_word' id='word_1_341' title='bbox 157 3079 288 3163; x_wconf 46' lang='lat' dir='ltr'><strong>„solvet</strong></span> <span class='ocrx_word' id='word_1_342' title='bbox 309 3099 387 3142; x_wconf 90' lang='lat' dir='ltr'><strong>auno</strong></span> <span class='ocrx_word' id='word_1_343' title='bbox 410 3080 531 3144; x_wconf 89' lang='lat' dir='ltr'><strong>circiter</strong></span> <span class='ocrx_word' id='word_1_344' title='bbox 553 3077 605 3144; x_wconf 90' lang='grc'><strong>70.</strong></span> <span class='ocrx_word' id='word_1_345' title='bbox 648 3082 824 3145; x_wconf 88' lang='lat' dir='ltr'><strong>Herodotus</strong></span> <span class='ocrx_word' id='word_1_346' title='bbox 846 3082 965 3164; x_wconf 90' lang='lat' dir='ltr'><strong>quidem</strong></span> <span class='ocrx_word' id='word_1_347' title='bbox 986 3079 1125 3146; x_wconf 84' lang='lat' dir='ltr'><strong>Amasidi</strong></span> <span class='ocrx_word' id='word_1_348' title='bbox 1145 3079 1252 3144; x_wconf 88' lang='lat' dir='ltr'><strong>tribuit</strong></span> <span class='ocrx_word' id='word_1_349' title='bbox 1274 3081 1355 3143; x_wconf 83' lang='lat' dir='ltr'><strong>solos</strong></span> <span class='ocrx_word' id='word_1_350' title='bbox 1378 3080 1432 3144; x_wconf 92' lang='grc'><strong>44.</strong></span> <span class='ocrx_word' id='word_1_351' title='bbox 1476 3081 1519 3145; x_wconf 90' lang='lat' dir='ltr'><strong>At</strong></span> 
     </span>
     <span class='ocr_line' id='line_1_33' title="bbox 185 3167 1522 3275; baseline 0.001 -43"><span class='ocrx_word' id='word_1_352' title='bbox 185 3169 245 3232; x_wconf 90' lang='lat' dir='ltr'><strong>etsi</strong></span> <span class='ocrx_word' id='word_1_353' title='bbox 259 3169 428 3234; x_wconf 85' lang='lat' dir='ltr'><strong>Diodorum</strong></span> <span class='ocrx_word' id='word_1_354' title='bbox 439 3171 576 3275; x_wconf 87' lang='lat' dir='ltr'><strong>sequaris</strong></span> <span class='ocrx_word' id='word_1_355' title='bbox 596 3171 628 3234; x_wconf 87' lang='grc' dir='ltr'><strong>ιι</strong></span> <span class='ocrx_word' id='word_1_356' title='bbox 648 3169 794 3234; x_wconf 83' lang='lat' dir='ltr'><strong>Amaside</strong></span> <span class='ocrx_word' id='word_1_357' title='bbox 815 3179 1016 3235; x_wconf 90' lang='lat' dir='ltr'><strong>correctorem</strong></span> <span class='ocrx_word' id='word_1_358' title='bbox 1035 3167 1199 3245; x_wconf 85' lang='lat' dir='ltr'><strong>Herodoti,</strong></span> <span class='ocrx_word' id='word_1_359' title='bbox 1223 3169 1274 3252; x_wconf 91' lang='lat' dir='ltr'><strong>qni</strong></span> <span class='ocrx_word' id='word_1_360' title='bbox 1294 3169 1322 3232; x_wconf 89' lang='lat' dir='ltr'><strong>ei</strong></span> <span class='ocrx_word' id='word_1_361' title='bbox 1344 3170 1455 3233; x_wconf 84' lang='lat' dir='ltr'><strong>tribuit</strong></span> <span class='ocrx_word' id='word_1_362' title='bbox 1474 3168 1522 3242; x_wconf 91' lang='grc'><strong>55,</strong></span> 
     </span>
     <span class='ocr_line' id='line_1_34' title="bbox 184 3258 1523 3349; baseline -0.001 -25"><span class='ocrx_word' id='word_1_363' title='bbox 184 3258 372 3349; x_wconf 81' lang='lat' dir='ltr'><strong>Herodotum</strong></span> <span class='ocrx_word' id='word_1_364' title='bbox 385 3261 510 3324; x_wconf 86' lang='lat' dir='ltr'><strong>veroin</strong></span> <span class='ocrx_word' id='word_1_365' title='bbox 528 3259 640 3340; x_wconf 84' lang='lat' dir='ltr'><strong>Apris,</strong></span> <span class='ocrx_word' id='word_1_366' title='bbox 662 3260 712 3341; x_wconf 91' lang='lat' dir='ltr'><strong>qui</strong></span> <span class='ocrx_word' id='word_1_367' title='bbox 733 3260 761 3322; x_wconf 91' lang='lat' dir='ltr'><strong>ei</strong></span> <span class='ocrx_word' id='word_1_368' title='bbox 779 3279 834 3341; x_wconf 91' lang='lat' dir='ltr'><strong>pro</strong></span> <span class='ocrx_word' id='word_1_369' title='bbox 855 3263 897 3323; x_wconf 82' lang='lat'><strong>22</strong></span> <span class='ocrx_word' id='word_1_370' title='bbox 911 3259 1038 3334; x_wconf 89' lang='lat' dir='ltr'><strong>Diodori</strong></span> <span class='ocrx_word' id='word_1_371' title='bbox 1062 3259 1169 3324; x_wconf 86' lang='lat' dir='ltr'><strong>tribuit</strong></span> <span class='ocrx_word' id='word_1_372' title='bbox 1183 3259 1241 3335; x_wconf 90' lang='grc'><strong>25,</strong></span> <span class='ocrx_word' id='word_1_373' title='bbox 1262 3258 1333 3322; x_wconf 92' lang='lat' dir='ltr'><strong>anni</strong></span> <span class='ocrx_word' id='word_1_374' title='bbox 1353 3259 1523 3324; x_wconf 76' lang='lat' dir='ltr'><strong>efficientur</strong></span> 
     </span>
     <span class='ocr_line' id='line_1_35' title="bbox 185 3338 1523 3430; baseline -0.001 -19"><span class='ocrx_word' id='word_1_375' title='bbox 185 3338 246 3411; x_wconf 81' lang='lat' dir='ltr'><strong>no&#39;n</strong></span> <span class='ocrx_word' id='word_1_376' title='bbox 267 3347 369 3428; x_wconf 88' lang='lat' dir='ltr'><strong>plures</strong></span> <span class='ocrx_word' id='word_1_377' title='bbox 391 3347 451 3424; x_wconf 86' lang='grc'><strong>80,</strong></span> <span class='ocrx_word' id='word_1_378' title='bbox 477 3368 544 3412; x_wconf 90' lang='lat' dir='ltr'><strong>oum</strong></span> <span class='ocrx_word' id='word_1_379' title='bbox 565 3345 733 3430; x_wconf 83' lang='lat' dir='ltr'><strong>Cambyses</strong></span> <span class='ocrx_word' id='word_1_380' title='bbox 759 3349 885 3413; x_wconf 81' lang='lat' dir='ltr'><strong>Amasis</strong></span> <span class='ocrx_word' id='word_1_381' title='bbox 913 3351 1005 3413; x_wconf 86' lang='lat' dir='ltr'><strong>filium</strong></span> <span class='ocrx_word' id='word_1_382' title='bbox 1026 3348 1261 3412; x_wconf 85' lang='lat' dir='ltr'><strong>Thamminitam</strong></span> <span class='ocrx_word' id='word_1_383' title='bbox 1287 3348 1438 3411; x_wconf 87' lang='lat' dir='ltr'><strong>mensinm</strong></span> <span class='ocrx_word' id='word_1_384' title='bbox 1470 3367 1523 3411; x_wconf 83' lang='lat' dir='ltr'><strong>sex</strong></span> 
     </span>
     <span class='ocr_line' id='line_1_36' title="bbox 184 3437 1521 3522; baseline 0 -21"><span class='ocrx_word' id='word_1_385' title='bbox 184 3437 303 3518; x_wconf 85' lang='lat' dir='ltr'><strong>Regem</strong></span> <span class='ocrx_word' id='word_1_386' title='bbox 316 3438 446 3517; x_wconf 83' lang='lat' dir='ltr'><strong>ceperit</strong></span> <span class='ocrx_word' id='word_1_387' title='bbox 450 3458 529 3502; x_wconf 89' lang='lat' dir='ltr'><strong>anno</strong></span> <span class='ocrx_word' id='word_1_388' title='bbox 534 3438 696 3502; x_wconf 89' lang='lat' dir='ltr'><strong>minimum</strong></span> <span class='ocrx_word' id='word_1_389' title='bbox 710 3438 762 3502; x_wconf 87' lang='grc'><strong>83.</strong></span> <span class='ocrx_word' id='word_1_390' title='bbox 782 3447 856 3520; x_wconf 89' lang='lat' dir='ltr'><strong>post</strong></span> <span class='ocrx_word' id='word_1_391' title='bbox 869 3440 1061 3522; x_wconf 76' lang='lat' dir='ltr'><strong>Jerosolyma</strong></span> <span class='ocrx_word' id='word_1_392' title='bbox 1081 3445 1180 3520; x_wconf 75' lang='lat' dir='ltr'><strong>capte„</strong></span> <span class='ocrx_word' id='word_1_393' title='bbox 1224 3438 1332 3519; x_wconf 90' lang='lat' dir='ltr'><strong>ltaque</strong></span> <span class='ocrx_word' id='word_1_394' title='bbox 1352 3438 1435 3501; x_wconf 84' lang='lat' dir='ltr'><strong>hanc</strong></span> <span class='ocrx_word' id='word_1_395' title='bbox 1450 3457 1521 3501; x_wconf 83' lang='lat' dir='ltr'><strong>oau-</strong></span> 
     </span>
    </p>
   </div>
   <div class='ocr_carea' id='block_1_11' title="bbox 56 3525 1524 3611">
    <p class='ocr_par' dir='ltr' id='par_1_11' title="bbox 56 3525 1524 3611">
     <span class='ocr_line' id='line_1_37' title="bbox 56 3525 1524 3611; baseline -0.003 -18"><span class='ocrx_word' id='word_1_396' title='bbox 56 3590 57 3593; x_wconf 74' lang='grc'><strong>,</strong></span> <span class='ocrx_word' id='word_1_397' title='bbox 186 3545 251 3589; x_wconf 82' lang='lat' dir='ltr'><strong>sem</strong></span> <span class='ocrx_word' id='word_1_398' title='bbox 264 3525 397 3589; x_wconf 86' lang='lat' dir='ltr'><strong>Eusebio</strong></span> <span class='ocrx_word' id='word_1_399' title='bbox 412 3526 505 3590; x_wconf 83' lang='lat' dir='ltr'><strong>fuisse</strong></span> <span class='ocrx_word' id='word_1_400' title='bbox 520 3535 658 3609; x_wconf 53' lang='lat' dir='ltr'><strong>puto‚,ex</strong></span> <span class='ocrx_word' id='word_1_401' title='bbox 672 3528 724 3592; x_wconf 86' lang='grc'><strong>25.</strong></span> <span class='ocrx_word' id='word_1_402' title='bbox 739 3528 845 3610; x_wconf 89' lang='lat' dir='ltr'><strong>Apriis</strong></span> <span class='ocrx_word' id='word_1_403' title='bbox 859 3529 991 3592; x_wconf 83' lang='lat' dir='ltr'><strong>facienti</strong></span> <span class='ocrx_word' id='word_1_404' title='bbox 998 3529 1049 3602; x_wconf 88' lang='grc'><strong>30,</strong></span> <span class='ocrx_word' id='word_1_405' title='bbox 1063 3534 1100 3590; x_wconf 90' lang='grc' dir='ltr'><strong>ιι</strong></span> <span class='ocrx_word' id='word_1_406' title='bbox 1113 3528 1159 3590; x_wconf 88' lang='lat' dir='ltr'><strong>its</strong></span> <span class='ocrx_word' id='word_1_407' title='bbox 1174 3547 1253 3590; x_wconf 91' lang='lat' dir='ltr'><strong>anuo</strong></span> <span class='ocrx_word' id='word_1_408' title='bbox 1269 3529 1298 3589; x_wconf 88' lang='grc'><strong>2.</strong></span> <span class='ocrx_word' id='word_1_409' title='bbox 1312 3527 1430 3610; x_wconf 84' lang='lat' dir='ltr'><strong>Apriis,</strong></span> <span class='ocrx_word' id='word_1_410' title='bbox 1445 3526 1524 3611; x_wconf 89' lang='lat' dir='ltr'><strong>quod</strong></span> 
     </span>
    </p>
   </div>
   <div class='ocr_carea' id='block_1_12' title="bbox 140 3613 1550 4767">
    <p class='ocr_par' dir='ltr' id='par_1_12' title="bbox 140 3613 1550 4767">
     <span class='ocr_line' id='line_1_38' title="bbox 184 3613 1522 3700; baseline 0.001 -21"><span class='ocrx_word' id='word_1_411' title='bbox 184 3615 250 3679; x_wconf 86' lang='lat' dir='ltr'><strong>vult</strong></span> <span class='ocrx_word' id='word_1_412' title='bbox 272 3613 429 3691; x_wconf 81' lang='lat' dir='ltr'><strong>Clemens,</strong></span> <span class='ocrx_word' id='word_1_413' title='bbox 451 3617 519 3698; x_wconf 92' lang='lat' dir='ltr'><strong>capi</strong></span> <span class='ocrx_word' id='word_1_414' title='bbox 539 3617 731 3700; x_wconf 77' lang='lat' dir='ltr'><strong>ierosolyma</strong></span> <span class='ocrx_word' id='word_1_415' title='bbox 752 3618 859 3700; x_wconf 86' lang='lat' dir='ltr'><strong>possit</strong></span> <span class='ocrx_word' id='word_1_416' title='bbox 896 3620 1004 3699; x_wconf 86' lang='lat' dir='ltr'><strong>Itaque</strong></span> <span class='ocrx_word' id='word_1_417' title='bbox 1025 3616 1127 3679; x_wconf 90' lang='lat' dir='ltr'><strong>malim</strong></span> <span class='ocrx_word' id='word_1_418' title='bbox 1146 3616 1180 3679; x_wconf 91' lang='lat' dir='ltr'><strong>in</strong></span> <span class='ocrx_word' id='word_1_419' title='bbox 1200 3617 1335 3680; x_wconf 88' lang='lat' dir='ltr'><strong>Diodoro</strong></span> <span class='ocrx_word' id='word_1_420' title='bbox 1357 3617 1463 3698; x_wconf 85' lang='lat' dir='ltr'><strong>legere</strong></span> <span class='ocrx_word' id='word_1_421' title='bbox 1478 3617 1522 3695; x_wconf 74' lang='lat' dir='ltr'><strong>ta</strong></span> 
     </span>
     <span class='ocr_line' id='line_1_39' title="bbox 140 3704 1524 3788; baseline 0.001 -21"><span class='ocrx_word' id='word_1_422' title='bbox 140 3714 143 3721; x_wconf 85' lang='grc'><strong>’</strong></span> <span class='ocrx_word' id='word_1_423' title='bbox 185 3722 274 3787; x_wconf 83' lang='lat' dir='ltr'><strong>quam</strong></span> <span class='ocrx_word' id='word_1_424' title='bbox 296 3705 342 3786; x_wconf 69' lang='grc' dir='ltr'><strong>ιβ.</strong></span> <span class='ocrx_word' id='word_1_425' title='bbox 385 3704 429 3767; x_wconf 91' lang='lat' dir='ltr'><strong>Et</strong></span> <span class='ocrx_word' id='word_1_426' title='bbox 450 3706 522 3788; x_wconf 91' lang='lat' dir='ltr'><strong>quid</strong></span> <span class='ocrx_word' id='word_1_427' title='bbox 535 3707 657 3781; x_wconf 85' lang='lat' dir='ltr'><strong>mirum,</strong></span> <span class='ocrx_word' id='word_1_428' title='bbox 678 3707 766 3770; x_wconf 88' lang='lat' dir='ltr'><strong>nobis</strong></span> <span class='ocrx_word' id='word_1_429' title='bbox 782 3708 879 3770; x_wconf 88' lang='lat' dir='ltr'><strong>adhuc</strong></span> <span class='ocrx_word' id='word_1_430' title='bbox 901 3706 1014 3788; x_wconf 87' lang='lat' dir='ltr'><strong>aliquid</strong></span> <span class='ocrx_word' id='word_1_431' title='bbox 1035 3707 1142 3769; x_wconf 88' lang='lat' dir='ltr'><strong>deesse</strong></span> <span class='ocrx_word' id='word_1_432' title='bbox 1164 3706 1195 3768; x_wconf 93' lang='lat' dir='ltr'><strong>iu</strong></span> <span class='ocrx_word' id='word_1_433' title='bbox 1210 3706 1262 3769; x_wconf 90' lang='lat' dir='ltr'><strong>illo</strong></span> <span class='ocrx_word' id='word_1_434' title='bbox 1278 3713 1436 3786; x_wconf 73' lang='lat' dir='ltr'><strong>computo,</strong></span> <span class='ocrx_word' id='word_1_435' title='bbox 1451 3724 1524 3779; x_wconf 45' lang='lat' dir='ltr'><strong>,oum</strong></span> 
     </span>
     <span class='ocr_line' id='line_1_40' title="bbox 183 3793 1523 3878; baseline -0.001 -20"><span class='ocrx_word' id='word_1_436' title='bbox 183 3794 341 3858; x_wconf 88' lang='lat' dir='ltr'><strong>Herodoto</strong></span> <span class='ocrx_word' id='word_1_437' title='bbox 360 3793 391 3857; x_wconf 92' lang='lat' dir='ltr'><strong>in</strong></span> <span class='ocrx_word' id='word_1_438' title='bbox 406 3813 466 3858; x_wconf 89' lang='lat' dir='ltr'><strong>uno</strong></span> <span class='ocrx_word' id='word_1_439' title='bbox 480 3795 626 3858; x_wconf 89' lang='lat' dir='ltr'><strong>Amaside</strong></span> <span class='ocrx_word' id='word_1_440' title='bbox 642 3796 756 3859; x_wconf 84' lang='lat' dir='ltr'><strong>fuerint</strong></span> <span class='ocrx_word' id='word_1_441' title='bbox 771 3797 833 3860; x_wconf 87' lang='lat' dir='ltr'><strong>ll?</strong></span> <span class='ocrx_word' id='word_1_442' title='bbox 857 3795 977 3867; x_wconf 82' lang='lat' dir='ltr'><strong>Quarta</strong></span> <span class='ocrx_word' id='word_1_443' title='bbox 992 3815 1087 3878; x_wconf 82' lang='lat' dir='ltr'><strong>esque</strong></span> <span class='ocrx_word' id='word_1_444' title='bbox 1102 3795 1234 3858; x_wconf 87' lang='lat' dir='ltr'><strong>maxima</strong></span> <span class='ocrx_word' id='word_1_445' title='bbox 1249 3794 1412 3862; x_wconf 78' lang='lat' dir='ltr'><strong>difficultas</strong></span> <span class='ocrx_word' id='word_1_446' title='bbox 1429 3793 1523 3858; x_wconf 85' lang='lat' dir='ltr'><strong>estin</strong></span> 
     </span>
     <span class='ocr_line' id='line_1_41' title="bbox 185 3883 1525 3965; baseline -0.001 -18"><span class='ocrx_word' id='word_1_447' title='bbox 185 3902 331 3947; x_wconf 87' lang='lat' dir='ltr'><strong>concursu</strong></span> <span class='ocrx_word' id='word_1_448' title='bbox 345 3884 503 3947; x_wconf 83' lang='lat' dir='ltr'><strong>Merodnci</strong></span> <span class='ocrx_word' id='word_1_449' title='bbox 525 3903 591 3947; x_wconf 88' lang='lat' dir='ltr'><strong>cunr</strong></span> <span class='ocrx_word' id='word_1_450' title='bbox 605 3885 747 3948; x_wconf 82' lang='lat' dir='ltr'><strong>Ezechia</strong></span> <span class='ocrx_word' id='word_1_451' title='bbox 776 3886 898 3949; x_wconf 84' lang='lat' dir='ltr'><strong>Etenim</strong></span> <span class='ocrx_word' id='word_1_452' title='bbox 919 3903 1015 3957; x_wconf 82' lang='lat' dir='ltr'><strong>annus</strong></span> <span class='ocrx_word' id='word_1_453' title='bbox 1038 3884 1088 3948; x_wconf 90' lang='grc'><strong>14.</strong></span> <span class='ocrx_word' id='word_1_454' title='bbox 1102 3884 1253 3948; x_wconf 83' lang='lat' dir='ltr'><strong>Eneohiae</strong></span> <span class='ocrx_word' id='word_1_455' title='bbox 1276 3883 1409 3948; x_wconf 83' lang='lat' dir='ltr'><strong>excurrit</strong></span> <span class='ocrx_word' id='word_1_456' title='bbox 1433 3902 1525 3965; x_wconf 83' lang='lat' dir='ltr'><strong>snpra</strong></span> 
     </span>
     <span class='ocr_line' id='line_1_42' title="bbox 184 3972 1550 4048; baseline 0 -12"><span class='ocrx_word' id='word_1_457' title='bbox 184 3972 303 4036; x_wconf 89' lang='lat' dir='ltr'><strong>initium</strong></span> <span class='ocrx_word' id='word_1_458' title='bbox 315 3973 488 4048; x_wconf 82' lang='lat' dir='ltr'><strong>Merodaci,</strong></span> <span class='ocrx_word' id='word_1_459' title='bbox 510 3982 626 4037; x_wconf 90' lang='lat' dir='ltr'><strong>certum</strong></span> <span class='ocrx_word' id='word_1_460' title='bbox 648 3994 686 4036; x_wconf 88' lang='lat' dir='ltr'><strong>ex</strong></span> <span class='ocrx_word' id='word_1_461' title='bbox 701 3975 807 4038; x_wconf 91' lang='lat' dir='ltr'><strong>tabula</strong></span> <span class='ocrx_word' id='word_1_462' title='bbox 828 3984 861 4037; x_wconf 94' lang='lat' dir='ltr'><strong>et</strong></span> <span class='ocrx_word' id='word_1_463' title='bbox 876 3975 1086 4039; x_wconf 62' lang='lat' dir='ltr'><strong>astronomiae</strong></span> <span class='ocrx_word' id='word_1_464' title='bbox 1100 3974 1126 4036; x_wconf 92' lang='lat' dir='ltr'><strong>si</strong></span> <span class='ocrx_word' id='word_1_465' title='bbox 1142 3972 1288 4037; x_wconf 87' lang='lat' dir='ltr'><strong>Sedeoias</strong></span> <span class='ocrx_word' id='word_1_466' title='bbox 1308 3980 1340 4035; x_wconf 91' lang='lat' dir='ltr'><strong>et</strong></span> <span class='ocrx_word' id='word_1_467' title='bbox 1355 3973 1522 4038; x_wconf 82' lang='lat' dir='ltr'><strong>Nabucho-</strong></span> <span class='ocrx_word' id='word_1_468' title='bbox 1547 4022 1550 4026; x_wconf 30' lang='lat'><strong><em>⁴</em></strong></span> 
     </span>
     <span class='ocr_line' id='line_1_43' title="bbox 185 4062 1526 4145; baseline -0.001 -18"><span class='ocrx_word' id='word_1_469' title='bbox 185 4063 318 4127; x_wconf 86' lang='lat' dir='ltr'><strong>doncser</strong></span> <span class='ocrx_word' id='word_1_470' title='bbox 338 4062 448 4144; x_wconf 81' lang='lat' dir='ltr'><strong>aliique</strong></span> <span class='ocrx_word' id='word_1_471' title='bbox 472 4063 513 4126; x_wconf 88' lang='grc'><strong>18</strong></span> <span class='ocrx_word' id='word_1_472' title='bbox 528 4064 616 4126; x_wconf 92' lang='lat' dir='ltr'><strong>aunis</strong></span> <span class='ocrx_word' id='word_1_473' title='bbox 630 4083 749 4127; x_wconf 90' lang='lat' dir='ltr'><strong>sursum</strong></span> <span class='ocrx_word' id='word_1_474' title='bbox 763 4072 950 4129; x_wconf 87' lang='lat' dir='ltr'><strong>moveantur.</strong></span> <span class='ocrx_word' id='word_1_475' title='bbox 984 4063 1201 4145; x_wconf 87' lang='lat' dir='ltr'><strong>Respondebo,</strong></span> <span class='ocrx_word' id='word_1_476' title='bbox 1222 4082 1283 4125; x_wconf 89' lang='lat' dir='ltr'><strong>nou</strong></span> <span class='ocrx_word' id='word_1_477' title='bbox 1298 4081 1368 4124; x_wconf 86' lang='lat' dir='ltr'><strong>esse</strong></span> <span class='ocrx_word' id='word_1_478' title='bbox 1381 4063 1526 4137; x_wconf 75' lang='lat' dir='ltr'><strong>insoleus,</strong></span> 
     </span>
     <span class='ocr_line' id='line_1_44' title="bbox 185 4151 1525 4235; baseline 0.001 -22"><span class='ocrx_word' id='word_1_479' title='bbox 185 4159 295 4234; x_wconf 66' lang='lat' dir='ltr'><strong>patres,</strong></span> <span class='ocrx_word' id='word_1_480' title='bbox 304 4168 432 4233; x_wconf 85' lang='lat' dir='ltr'><strong>regnare</strong></span> <span class='ocrx_word' id='word_1_481' title='bbox 455 4153 625 4228; x_wconf 81' lang='lat' dir='ltr'><strong>sumtiliis,</strong></span> <span class='ocrx_word' id='word_1_482' title='bbox 648 4161 719 4216; x_wconf 89' lang='lat' dir='ltr'><strong>suut</strong></span> <span class='ocrx_word' id='word_1_483' title='bbox 740 4153 887 4234; x_wconf 83' lang='lat' dir='ltr'><strong>ejusmodi</strong></span> <span class='ocrx_word' id='word_1_484' title='bbox 908 4153 1103 4218; x_wconf 82' lang='lat' dir='ltr'><strong>difficultates</strong></span> <span class='ocrx_word' id='word_1_485' title='bbox 1119 4152 1224 4227; x_wconf 84' lang='lat' dir='ltr'><strong>etiem,</strong></span> <span class='ocrx_word' id='word_1_486' title='bbox 1245 4151 1296 4214; x_wconf 93' lang='lat' dir='ltr'><strong>ubi</strong></span> <span class='ocrx_word' id='word_1_487' title='bbox 1312 4151 1525 4235; x_wconf 82' lang='lat' dir='ltr'><strong>duaeRegurn</strong></span> 
     </span>
     <span class='ocr_line' id='line_1_45' title="bbox 185 4240 1525 4325; baseline 0.002 -22"><span class='ocrx_word' id='word_1_488' title='bbox 185 4241 279 4305; x_wconf 87' lang='lat' dir='ltr'><strong>series</strong></span> <span class='ocrx_word' id='word_1_489' title='bbox 300 4240 399 4308; x_wconf 78' lang='lat' dir='ltr'><strong>altera</strong></span> <span class='ocrx_word' id='word_1_490' title='bbox 418 4241 548 4304; x_wconf 88' lang='lat' dir='ltr'><strong>alteram</strong></span> <span class='ocrx_word' id='word_1_491' title='bbox 570 4243 695 4323; x_wconf 88' lang='lat' dir='ltr'><strong>detegit</strong></span> <span class='ocrx_word' id='word_1_492' title='bbox 740 4242 875 4307; x_wconf 84' lang='lat' dir='ltr'><strong>Subesse</strong></span> <span class='ocrx_word' id='word_1_493' title='bbox 900 4251 1001 4307; x_wconf 87' lang='lat' dir='ltr'><strong>autem</strong></span> <span class='ocrx_word' id='word_1_494' title='bbox 1020 4242 1133 4325; x_wconf 91' lang='lat' dir='ltr'><strong>aliquid</strong></span> <span class='ocrx_word' id='word_1_495' title='bbox 1155 4242 1199 4304; x_wconf 90' lang='lat' dir='ltr'><strong>sio</strong></span> <span class='ocrx_word' id='word_1_496' title='bbox 1224 4241 1347 4322; x_wconf 88' lang='lat' dir='ltr'><strong>colligo:</strong></span> <span class='ocrx_word' id='word_1_497' title='bbox 1372 4261 1456 4305; x_wconf 83' lang='lat' dir='ltr'><strong>anno</strong></span> <span class='ocrx_word' id='word_1_498' title='bbox 1476 4242 1525 4306; x_wconf 83' lang='lat'><strong>14.</strong></span> 
     </span>
     <span class='ocr_line' id='line_1_46' title="bbox 184 4328 1527 4413; baseline 0.001 -19"><span class='ocrx_word' id='word_1_499' title='bbox 184 4328 335 4394; x_wconf 74' lang='lat' dir='ltr'><strong>Ezechiae</strong></span> <span class='ocrx_word' id='word_1_500' title='bbox 359 4332 538 4395; x_wconf 84' lang='lat' dir='ltr'><strong>conculcato</strong></span> <span class='ocrx_word' id='word_1_501' title='bbox 565 4333 762 4397; x_wconf 85' lang='lat' dir='ltr'><strong>comederunt</strong></span> <span class='ocrx_word' id='word_1_502' title='bbox 788 4333 827 4396; x_wconf 78' lang='lat' dir='ltr'><strong>sb</strong></span> <span class='ocrx_word' id='word_1_503' title='bbox 854 4332 993 4397; x_wconf 85' lang='lat' dir='ltr'><strong>hostibus</strong></span> <span class='ocrx_word' id='word_1_504' title='bbox 1021 4341 1135 4396; x_wconf 85' lang='lat' dir='ltr'><strong>terram</strong></span> <span class='ocrx_word' id='word_1_505' title='bbox 1158 4330 1368 4406; x_wconf 88' lang='lat' dir='ltr'><strong>vastantibus,</strong></span> <span class='ocrx_word' id='word_1_506' title='bbox 1400 4331 1474 4413; x_wconf 87' lang='lat' dir='ltr'><strong>quia</strong></span> <span class='ocrx_word' id='word_1_507' title='bbox 1495 4333 1527 4395; x_wconf 89' lang='lat' dir='ltr'><strong>iu</strong></span> 
     </span>
     <span class='ocr_line' id='line_1_47' title="bbox 185 4419 1529 4507; baseline 0.001 -24"><span class='ocrx_word' id='word_1_508' title='bbox 185 4437 283 4484; x_wconf 86' lang='lat' dir='ltr'><strong>messe</strong></span> <span class='ocrx_word' id='word_1_509' title='bbox 299 4420 376 4484; x_wconf 86' lang='lat' dir='ltr'><strong>fiunt</strong></span> <span class='ocrx_word' id='word_1_510' title='bbox 389 4420 605 4502; x_wconf 74' lang='lat' dir='ltr'><strong>expeditiones,</strong></span> <span class='ocrx_word' id='word_1_511' title='bbox 621 4428 654 4485; x_wconf 91' lang='lat' dir='ltr'><strong>et</strong></span> <span class='ocrx_word' id='word_1_512' title='bbox 668 4423 851 4507; x_wconf 86' lang='lat' dir='ltr'><strong>sequebatur</strong></span> <span class='ocrx_word' id='word_1_513' title='bbox 865 4442 961 4486; x_wconf 87' lang='lat' dir='ltr'><strong>annus</strong></span> <span class='ocrx_word' id='word_1_514' title='bbox 979 4421 1027 4485; x_wconf 88' lang='grc'><strong>15.</strong></span> <span class='ocrx_word' id='word_1_515' title='bbox 1044 4426 1143 4486; x_wconf 88' lang='lat' dir='ltr'><strong>annus</strong></span> <span class='ocrx_word' id='word_1_516' title='bbox 1155 4419 1362 4495; x_wconf 81' lang='lat' dir='ltr'><strong>sabbathiuus,</strong></span> <span class='ocrx_word' id='word_1_517' title='bbox 1381 4421 1435 4483; x_wconf 90' lang='lat' dir='ltr'><strong>ubi</strong></span> <span class='ocrx_word' id='word_1_518' title='bbox 1450 4440 1529 4502; x_wconf 82' lang='lat' dir='ltr'><strong>opus</strong></span> 
     </span>
     <span class='ocr_line' id='line_1_48' title="bbox 186 4510 1528 4594; baseline 0.003 -23"><span class='ocrx_word' id='word_1_519' title='bbox 186 4516 256 4572; x_wconf 81' lang='lat' dir='ltr'><strong>erat</strong></span> <span class='ocrx_word' id='word_1_520' title='bbox 268 4511 424 4574; x_wconf 88' lang='lat' dir='ltr'><strong>comedere</strong></span> <span class='ocrx_word' id='word_1_521' title='bbox 441 4519 549 4594; x_wconf 89' lang='lat' dir='ltr'><strong>sponte</strong></span> <span class='ocrx_word' id='word_1_522' title='bbox 565 4512 732 4576; x_wconf 81' lang='lat' dir='ltr'><strong>nascentia</strong></span> <span class='ocrx_word' id='word_1_523' title='bbox 759 4512 848 4576; x_wconf 87' lang='lat' dir='ltr'><strong>Hauc</strong></span> <span class='ocrx_word' id='word_1_524' title='bbox 869 4512 1021 4575; x_wconf 84' lang='lat' dir='ltr'><strong>miseriam</strong></span> <span class='ocrx_word' id='word_1_525' title='bbox 1035 4510 1146 4574; x_wconf 86' lang='lat' dir='ltr'><strong>Esaias</strong></span> <span class='ocrx_word' id='word_1_526' title='bbox 1169 4517 1352 4590; x_wconf 80' lang='lat' dir='ltr'><strong>exaggerat,</strong></span> <span class='ocrx_word' id='word_1_527' title='bbox 1371 4518 1410 4573; x_wconf 87' lang='lat' dir='ltr'><strong>ut</strong></span> <span class='ocrx_word' id='word_1_528' title='bbox 1429 4511 1528 4575; x_wconf 75' lang='lat' dir='ltr'><strong>soiide</strong></span> 
     </span>
     <span class='ocr_line' id='line_1_49' title="bbox 185 4597 1530 4683; baseline 0.002 -22"><span class='ocrx_word' id='word_1_529' title='bbox 185 4597 319 4662; x_wconf 76' lang='lat' dir='ltr'><strong>iudaeos</strong></span> <span class='ocrx_word' id='word_1_530' title='bbox 338 4607 447 4664; x_wconf 78' lang='lat' dir='ltr'><strong>contre</strong></span> <span class='ocrx_word' id='word_1_531' title='bbox 467 4601 591 4664; x_wconf 89' lang='lat' dir='ltr'><strong>soletur.</strong></span> <span class='ocrx_word' id='word_1_532' title='bbox 635 4600 716 4665; x_wconf 89' lang='lat' dir='ltr'><strong>Sunt</strong></span> <span class='ocrx_word' id='word_1_533' title='bbox 736 4601 828 4683; x_wconf 88' lang='lat' dir='ltr'><strong>igitur</strong></span> <span class='ocrx_word' id='word_1_534' title='bbox 849 4600 1020 4665; x_wconf 80' lang='lat' dir='ltr'><strong>sabbathioi</strong></span> <span class='ocrx_word' id='word_1_535' title='bbox 1042 4600 1091 4674; x_wconf 91' lang='grc'><strong>15,</strong></span> <span class='ocrx_word' id='word_1_536' title='bbox 1107 4600 1158 4673; x_wconf 79' lang='lat'><strong>22,</strong></span> <span class='ocrx_word' id='word_1_537' title='bbox 1179 4597 1221 4662; x_wconf 86' lang='grc'><strong>29</strong></span> <span class='ocrx_word' id='word_1_538' title='bbox 1240 4597 1401 4663; x_wconf 68' lang='lat' dir='ltr'><strong>Ezechiae</strong></span> <span class='ocrx_word' id='word_1_539' title='bbox 1448 4599 1530 4664; x_wconf 74' lang='lat' dir='ltr'><strong>Sunt</strong></span> 
     </span>
     <span class='ocr_line' id='line_1_50' title="bbox 187 4686 1531 4767; baseline 0.004 -18"><span class='ocrx_word' id='word_1_540' title='bbox 187 4693 338 4752; x_wconf 84' lang='lat' dir='ltr'><strong>autemst</strong></span> <span class='ocrx_word' id='word_1_541' title='bbox 349 4689 520 4754; x_wconf 88' lang='lat' dir='ltr'><strong>sabbathioi</strong></span> <span class='ocrx_word' id='word_1_542' title='bbox 537 4692 590 4766; x_wconf 85' lang='grc'><strong>11,</strong></span> <span class='ocrx_word' id='word_1_543' title='bbox 610 4691 631 4754; x_wconf 88' lang='lat'>4</span> <span class='ocrx_word' id='word_1_544' title='bbox 647 4689 807 4765; x_wconf 87' lang='lat' dir='ltr'><strong>Sedeoiae,</strong></span> <span class='ocrx_word' id='word_1_545' title='bbox 823 4690 886 4754; x_wconf 86' lang='lat' dir='ltr'><strong>sive</strong></span> <span class='ocrx_word' id='word_1_546' title='bbox 904 4691 958 4765; x_wconf 92' lang='grc'><strong>18,</strong></span> <span class='ocrx_word' id='word_1_547' title='bbox 980 4691 1017 4752; x_wconf 93' lang='grc'><strong>11</strong></span> <span class='ocrx_word' id='word_1_548' title='bbox 1035 4686 1351 4761; x_wconf 84' lang='lat' dir='ltr'><strong>Nabuchodonosoris</strong></span> <span class='ocrx_word' id='word_1_549' title='bbox 1387 4689 1480 4767; x_wconf 78' lang='lat' dir='ltr'><strong>Nam,</strong></span> <span class='ocrx_word' id='word_1_550' title='bbox 1493 4694 1531 4753; x_wconf 83' lang='grc' dir='ltr'><strong>ιι</strong></span> 
     </span>
    </p>
   </div>
   <div class='ocr_carea' id='block_1_13' title="bbox 185 4776 1528 4879">
    <p class='ocr_par' dir='ltr' id='par_1_13' title="bbox 185 4776 1528 4879">
     <span class='ocr_line' id='line_1_51' title="bbox 185 4776 1528 4879; baseline 0.001 -34"><span class='ocrx_word' id='word_1_551' title='bbox 185 4776 307 4845; x_wconf 71' lang='lat' dir='ltr'><strong>Danieli</strong></span> <span class='ocrx_word' id='word_1_552' title='bbox 321 4778 495 4856; x_wconf 76' lang='lat' dir='ltr'><strong>credemus,</strong></span> <span class='ocrx_word' id='word_1_553' title='bbox 510 4776 822 4846; x_wconf 79' lang='lat' dir='ltr'><strong>Nabuchodonoscris</strong></span> <span class='ocrx_word' id='word_1_554' title='bbox 837 4780 991 4879; x_wconf 74' lang='lat' dir='ltr'><strong>expeditio</strong></span> <span class='ocrx_word' id='word_1_555' title='bbox 1011 4777 1094 4842; x_wconf 85' lang='lat' dir='ltr'><strong>cadit</strong></span> <span class='ocrx_word' id='word_1_556' title='bbox 1112 4784 1185 4841; x_wconf 76' lang='lat' dir='ltr'><strong>aute</strong></span> <span class='ocrx_word' id='word_1_557' title='bbox 1203 4777 1329 4843; x_wconf 78' lang='lat' dir='ltr'><strong>Pasebu</strong></span> <span class='ocrx_word' id='word_1_558' title='bbox 1345 4779 1528 4846; x_wconf 71' lang='lat' dir='ltr'><strong>demente</strong></span> 
     </span>
    </p>
   </div>
   <div class='ocr_carea' id='block_1_14' title="bbox 0 0 1576 5476">
    <p class='ocr_par' dir='ltr' id='par_1_14' title="bbox 0 0 1576 5476">
     <span class='ocr_line' id='line_1_52' title="bbox 0 0 1576 5476; baseline 0 0"><span class='ocrx_word' id='word_1_559' title='bbox 0 0 1576 5476; x_wconf 95' lang='lat' dir='ltr'><strong> </strong></span> 
     </span>
    </p>
   </div>
  </div>
 </body>
</html>
