3142 5476
175 330 176 335 η
225 250 287 318 100
390 290 393 297 -
692 265 1082 333 noran-amoenamus

224 411 427 477 subdivisione
443 413 500 475 hoc
514 409 587 474 mihi
601 410 659 473 fuit
674 411 805 486 consilii,
826 417 861 473 ut
876 431 895 474 a
910 408 1130 474 distributionis
1148 364 1231 468 'anuo'
1247 403 1288 468 ud
1300 403 1470 488 Jephtham
1482 421 1550 484 pro-

222 502 301 566 xime
317 502 381 565 300
397 501 468 564 anui
483 499 703 580 colligerentur.
732 503 857 580 (Dhtrib.
874 507 1022 576 1,-100000
1039 508 1088 573 18,
1105 507 1193 565 Judae
1211 505 1344 561 aesimon
1358 505 1389 569 3,
1411 502 1554 558 serviem

221 593 336 649 victoria
348 591 548 648 chusan-Risat
560 592 595 644 ad
613 591 766 646 Othnielem
785 590 817 654 8,
838 590 912 661 quies
926 591 977 654 40,
991 590 1082 646 servit.
1095 587 1186 651 11001.
1202 585 1251 652 18,
1265 584 1341 656 quiea
1355 586 1391 640 sd
1404 585 1458 639 del
1471 584 1555 640 sisar

223 673 269 739 80,
284 673 359 745 quies
373 675 408 726 ad
421 671 560 726 victoriam
571 672 703 727 Gedeonis
711 672 758 735 40,
772 673 883 726 Gedeon
896 672 943 735 40,
956 669 1115 725 Abimelech
1128 668 1155 733 3,
1169 666 1318 732 Thala-23,
1331 665 1398 721 Zeir
1408 665 1445 720 22
1461 660 1553 735 (302))

222 753 258 827 10
274 752 409 815 omnihus
424 751 522 813 habeo
533 758 650 813 textum
660 752 884 831 suffragantem,
899 749 929 811 iu
939 749 1020 811 nullo
1030 747 1221 811 contrarium.
1244 745 1301 808 His
1311 746 1356 808 sic
1364 744 1555 818 habentibus,

223 841 360 922 equidem
381 839 917 921 00000100100010000000νὶ000
936 838 1020 902 lusus
1039 838 1098 901 iste
1119 858 1138 899 0
1154 855 1233 898 ‘casu
1254 835 1326 898 mihi
1349 835 1554 908 concinnatus,

219 922 302 1012 ⁴quod
324 929 406 991 dicta
428 948 495 991 mea
516 929 641 993 consilia
663 948 790 1011 sequens
812 928 898 993 unice
920 934 1094 1010 textumque
1114 925 1235 989 iuterim
1255 923 1488 1005 diligentissime
1502 941 1554 986 ex-

223 1018 339 1082 cutiens
355 1013 550 1099 0101001000
566 1018 646 1082 aliud
662 1038 772 1100 agens,
794 1016 984 1080 nihilominus
999 1025 1102 1080 tamen
1116 1015 1220 1078 01100
1235 1013 1330 1076 veluti
1350 1032 1407 1095 per
1423 1031 1555 1076 somnum

222 1115 255 1169 et
268 1107 358 1187 plane
372 1107 516 1189 ignoraus
526 1127 590 1170 000)
606 1101 793 1182 0000000100,
807 1113 842 1170 01
856 1106 1028 1187 colligerem
1037 1105 1172 1188 praecise
1187 1103 1318 1166 medium
1333 1102 1555 1167 arithmeticum

222 1196 302 1259 iuter
317 1195 381 1260 480
403 1197 433 1259 10
452 1197 536 1261 libris
551 1197 668 1278 Regum
690 1196 801 1260 01092
822 1198 860 1259 D.
875 1195 971 1259 Pauli.
1006 1195 1128 1259 Etenim
1149 1193 1175 1256 si
1194 1193 1386 1268 consideres,
1409 1212 1505 1275 quare
1526 1192 1555 1253 iu

224 1285 383 1365 Scriptura
403 1286 593 1349 intervallum
614 1286 672 1349 hoc
693 1287 833 1349 tradatur
854 1285 1007 1360 bifariam,
1028 1284 1161 1366 proclive
1177 1291 1226 1345 est
1242 1283 1392 1364 cogitare,
1417 1281 1554 1345 000101)-

225 1394 330 1437 scurae
346 1382 450 1437 esseut
464 1372 589 1438 relictae
600 1376 812 1438 000010110000
820 1382 988 1456 temporum
1004 1375 1042 1437 ah
1052 1374 1134 1437 exitu
1150 1373 1189 1435 ad
1200 1372 1352 1453 templum,
1367 1372 1553 1444 sacerdotes,

224 1464 273 1545 qni
288 1464 428 1527 vixerunt
444 1465 499 1527 sub
508 1464 626 1527 initium
636 1465 749 1547 templi,
764 1484 803 1526 ex
817 1464 1063 1526 annotationibus
1078 1462 1147 1526 libri
1155 1462 1294 1524 Judicum
1304 1460 1554 1542 collegisee'duos

167 1557 168 1563 ’
222 1570 370 1628 numeros,
386 1573 510 1636 quorum
525 1554 621 1616 altero
637 1554 743 1629 minus,
763 1553 860 1616 altero
875 1553 971 1634 majus
987 1560 1070 1616 certo
1086 1571 1146 1615 uon
1161 1550 1253 1614 fuerit
1266 1550 1341 1626 illud
1351 1549 1555 1617 intervallum.

221 1641 330 1724 Itaque
346 1643 453 1724 siquis
469 1643 559 1706 nullis
575 1643 642 1706 aliis
657 1651 757 1705 motus
772 1642 939 1706 rationibus
952 1649 1076 1723 praeter
1089 1642 1168 1710 hanc
1188 1640 1317 1703 medium
1336 1639 1557 1703 arithmeticum

148 1772 151 1780 ,
224 1738 400 1812 sequeretur
414 1732 495 1794 inter
510 1731 574 1796 480
585 1731 699 1807 01192,
714 1732 764 1794 ille
781 1726 1018 1814 quamproxime
1035 1732 1074 1794 00
1089 1730 1238 1811 intentum
1254 1729 1448 1792 sacerdotum
1463 1729 1557 1809 adque

221 1821 384 1883 veritatem
398 1821 497 1901 ipsam
511 1821 637 1883 veniret
1163 1824 1172 1844 ¹

310 1909 373 1974 Cur
388 1916 489 1971 autem
509 1910 541 1972 iu
555 1930 623 1972 mea
637 1902 825 1972 ordinatione
846 1911 927 1972 inter
942 1928 1052 1972 aunum
1066 1908 1285 1972 distributionis
1300 1910 1415 1971 Terrae
1437 1912 1471 1968 01
1485 1923 1555 1968 ccu-

223 1998 425 2079 ditustempli
440 1999 576 2079 integros
590 1999 746 2065 Juhilaeos
768 1998 917 2062 interesse
932 1999 1084 2073 voluerim,
1100 2016 1209 2061 causae
1231 2005 1303 2060 suut
1316 1997 1410 2060 istae:
1434 1994 1466 2057 id
1482 1994 1557 2057 euim

222 2107 387 2168 congruere
402 2087 522 2150 videtur
536 2088 646 2169 pietati
661 2086 833 2150 Salomonis
849 2095 881 2150 et
896 2106 1018 2150 numero
1038 2106 1181 2150 annorum
1191 2086 1373 2168 septenario,
1388 2085 1471 2147 intra
1486 2102 1556 2166 quos

224 2185 377 2240 structura
396 2177 501 2259 templi
523 2176 580 2240 luit
600 2177 748 2239 absoluta
777 2177 895 2239 Deinde
918 2177 1132 2251 animadverti,
1154 2184 1483 2259 utrumqueuumerum
1496 2176 1558 2234 ta'm

223 2265 288 2335 480
304 2284 393 2348 quam
408 2263 473 2329 592
490 2266 529 2328 ad
542 2267 698 2330 Jubilaeos
714 2266 864 2341 alludere3
888 2285 957 2328 uam
972 2266 1088 2329 ablatis*
1098 2266 1226 2346 integris
1243 2266 1262 2329 9
1277 2263 1443 2338 Juhilaeis,
1464 2263 1558 2324 idest

223 2354 267 2418 63
280 2355 533 2430 hebdomadibus,
555 2355 617 2417 441
635 2354 722 2417 anuis
738 2376 757 2416 a
771 2373 893 2417 numero
909 2354 989 2430 481,
1010 2363 1130 2418 restant
1150 2355 1193 2418 40
1215 2376 1235 2422 0
1256 2352 1401 2435 principio
1419 2370 1557 2433 egressus

168 2480 174 2486 2
224 2463 263 2507 ex
276 2446 429 2526 Aegypto.
473 2444 532 2506 Hic
547 2444 639 2525 igitur
652 2444 774 2506 ultimus
791 2445 903 2506 deserti
926 2444 1088 2507 haberetur
1109 2444 1208 2506 instar
1221 2442 1352 2507 Juhilaei
1375 2450 1408 2504 et
1429 2460 1497 2504 cum
1510 2441 1557 2502 iu-

224 2544 330 2614 gressu
344 2534 376 2595 in
389 2541 503 2595 terram
518 2533 665 2614 inciperet
686 2552 764 2595 nova
781 2533 949 2597 hebdomas
969 2540 1088 2614 magua.
1124 2532 1267 2595 Alterius
1282 2530 1396 2594 numeri
1412 2529 1477 2594 592
1505 2549 1557 2591 ex-

224 2641 328 2686 cessus
345 2641 436 2703 supra
450 2622 531 2698 480,
552 2642 592 2685 00.
611 2623 672 2686 112
695 2622 831 2685 00011001
850 2622 1058 2686 hebdomadas
1081 2620 1121 2684 16
1136 2621 1288 2703 0000010ος
1317 2628 1350 2685 01
1373 2621 1414 2682 12
1429 2616 1560 2683 Jubilaei

223 2711 283 2774 10.
299 2710 364 2774 088
380 2711 451 2773 0001
466 2711 486 2774 b
502 2718 620 2774 tantum
636 2711 725 2774 aunis
736 2712 866 2774 10100000
882 2718 953 2773 suut
967 2730 1089 2774 numero
1105 2710 1179 2786 003,
1194 2730 1230 2773 00
1245 2710 1272 2773 01
1286 2711 1408 2792 quintus
1424 2709 1463 2771 ah
1479 2708 1559 2786 exitu

224 2806 257 2862 et
272 2801 404 2863 decimus
420 2807 545 2881 quartus
560 2801 599 2863 ab
614 2801 752 2881 ingressu
767 2800 798 2863 in
813 2809 927 2863 terram
938 2800 1070 2863 fuissent
1082 2800 1222 2863 Juhilaei.
1250 2799 1317 2880 Ego
1333 2817 1403 2861 vcro
1421 2817 1461 2860 ex
1476 2815 1558 2860 cour-

223 2889 382 2970 paraticue
391 2890 479 2952 Num.
495 2888 547 2963 36,
562 2890 583 2967 4
598 2907 665 2952 000)
674 2891 765 2952 11001
780 2889 832 2963 31,
854 2890 894 2953 10
910 2891 1093 2965 demonstro,
1108 2909 1218 2952 aunum
1233 2883 1262 2952 7.
1278 2890 1316 2951 ab
1331 2888 1472 2970 ingressu
1488 2880 1559 2969 (quo

224 2997 302 3041 auno
328 2978 420 3040 etiam
444 2977 607 3041 distributa
629 2986 713 3041 terra
741 2986 775 3040 et
797 2978 907 3059 singuli
930 2978 962 3041 in
989 2979 1212 3061 possessionem
1228 2971 1328 3060 missi)
1354 2976 1448 3040 fuisse
1472 2974 1559 3041 Jubi·

224 3067 283 3130 laei
298 3068 373 3129 vice.

293 3243 353 3294 Jam
367 3243 493 3308 Keplerus
504 3250 651 3309 recuperato
667 3245 748 3308 priore
765 3246 866 3295 mamito
883 3247 966 3311 pergit
982 3245 1009 3295 in
1020 3245 1193 3296 muneranda
1204 3232 1313 3297 historiis
1332 3193 1395 3296 duce
1407 3243 1468 3295 Ver.
1483 3243 1560 3301 Ten..

225 3328 312 3367 seram
329 3315 474 3366 adscnbens
494 3313 623 3380 ,Templi“
641 3328 720 3381 usqne
739 3314 773 3365 ad
788 3329 880 3368 amum
898 3316 985 3382 templi
1002 3314 1055 3367 246
1071 3315 1105 3379 (a
1121 3309 1267 3381 0107100
1293 3316 1440 3369 11000000)
1452 3317 1560 3382 uqultur

225 3389 356 3452 scrlptores
367 3384 500 3438 Romanos.
522 3387 565 3437 Ad
576 3400 600 3436 a
613 3401 637 3437 a
651 3386 695 3438 Ch.
708 3378 761 3437 752
771 3389 842 3452 pouit
851 3386 958 3440 Eorum
970 3387 1105 3439 conditam:

251 3526 254 3539 “
307 3528 502 3612 ⁴Olympiadis
517 3528 587 3593 VII.
602 3529 688 3602 incola
703 3552 822 3613 aporos
837 3530 995 3602 10001010.»
1010 3529 1134 3611 Charipi
1148 3529 1314 3593 Archontis
1328 3529 1560 3593 Atheniensium

226 3639 305 3682 auuo
321 3619 457 3682 decennii
471 3619 576 3700 primo,
591 3638 669 3682 auno
685 3640 705 3683 a
719 3629 811 3701 capta
825 3619 917 3702 'lhoja
931 3620 1005 3694 432,
1018 3619 1147 3682 Romam
1161 3619 1313 3682 conditam
1329 3619 1373 3681 ait
1386 3619 1560 3702 Dionysius,

227 3707 460 3772 Graecorumin
474 3709 532 3770 hac
547 3708 676 3771 materia
691 3710 951 3790 diligentissimus,
973 3716 1094 3773 secutus
1114 3709 1249 3795 Pcrtium
1266 3707 1422 3784 Catonem,
1445 3709 1560 3774 Roma·

226 3816 331 3860 norum
353 3797 627 3878 diligentissimum,
655 3805 689 3861 et
710 3798 854 3861 adhibitis
875 3798 1089 3861 Eratosthenis
1119 3798 1297 3874 canonibus,
1319 3798 1352 3861 in
1376 3797 1560 3861 counexione

225 3886 452 3950 intervallorum
469 3885 704 3965 Catoniancmm
719 3888 758 3950 ad
773 3895 911 3969 tempora
926 3887 1127 3963 Graecorum,
1147 3906 1221 3969 quos
1238 3907 1368 3951 canones
1385 3906 1477 3951 sanos
1493 3905 1560 3951 esse

227 3974 272 4038 ait
295 3996 328 4038 se
352 3976 577 4038 demonstrasse
599 3977 630 4039 iu
652 3984 789 4039 tractatu
810 3976 938 4058 quodam
959 3977 1027 4040 alio.
1064 3976 1204 4042 Clemens
1225 3976 1450 4040 Alexandrinus
1472 3977 1560 4040 lihh

227 4064 416 4128 Strcmatum
438 4083 477 4126 ex
497 4065 612 4128 ueteris
634 4065 808 4146 chronologi
827 4067 983 4134 sententia
1004 4068 1043 4130 ab
1061 4065 1184 4149 Olymp.
1198 4067 1222 4129 Ι.
1245 4067 1284 4128 00
1302 4066 1340 4129 U.
1356 4064 1390 4130 0.
1405 4086 1504 4129 annos
1519 4067 1560 4128 24

226 4153 350 4216 fluxisse
372 4154 425 4216 ait.
470 4149 549 4223 Quia
571 4173 642 4235 ergo
664 4155 736 4217 urbs
761 4155 884 4218 condita
903 4156 1049 4220 Palilibus
1074 4163 1145 4218 ante
1167 4155 1327 4232 ludicrum,
1349 4155 1417 4218 ideo
1443 4155 1560 4239 quidem

228 4241 416 4306 Clementem
431 4242 1204 4327 00000000000101010101110001,0010010000οω
1214 4263 1324 4307 annum
1332 4243 1453 4327 Olymp.
1469 4263 1560 4326 prae-

227 4332 289 4395 cise
308 4331 509 4414 iuclpiendum
531 4333 569 4394 ah
589 4333 655 4413 ipso
676 4352 778 4397 meuse
798 4334 947 4410 ludorum;
971 4341 1005 4398 at
1020 4334 1111 4396 debet
1129 4334 1259 4415 intelligi
1279 4334 1316 4397 de
1331 4333 1389 4396 hcc
1410 4353 1506 4410 0000,
1528 4340 1560 4396 01

228 4420 320 4483 01100)
334 4421 511 4504 Dionysius,
534 4421 603 4502 quia
623 4422 735 4502 primus
756 4442 851 4486 annus
873 4432 1013 4509 censetur
1035 4430 1105 4486 aute
1126 4424 1280 4487 ludicrum
1317 4421 1351 4487 C.
1366 4423 1492 4486 Tacitus
1513 4423 1560 4486 hie

227 4510 314 4590 ponit
327 4510 365 4573 U.
381 4509 416 4575 C.
432 4530 470 4573 ex
485 4517 557 4574 ante
574 4509 607 4574 C.
626 4512 702 4589 113,
723 4512 886 4592 Eutropius
907 4533 945 4576 ex
965 4535 991 4577 a
1009 4511 1042 4578 C.
1059 4511 1136 4588 509,
1159 4513 1213 4575 000
1235 4513 1378 4576 aliter‘ex
1394 4531 1421 4574 a
1438 4511 1473 4576 C.
1489 4510 1560 4575 388.

227 4598 372 4681 Polybius
387 4600 538 4664 lorsau.et
551 4600 617 4682 ipse
632 4601 690 4665 huc
704 4602 893 4683 reponendus
903 4621 941 4666 ex
951 4622 1029 4667 anuo
1045 4602 1191 4684 sequenti,
1205 4601 1368 4666 Solinusiu
1378 4599 1427 4664 Ol.
1438 4598 1560 4666 CCVII

229 4689 347 4752 confert
361 4709 471 4752 anuum
484 4709 512 4753 0.
528 4708 553 4752 c.
568 4689 641 4754 801.
656 4689 712 4754 00.
725 4691 869 4773 Pompejo
885 4690 985 4769 Gallo,
1001 4690 1038 4764 Q
1052 4692 1203 4758 verranio
1219 4690 1306 4755 Cosa

244 4796 248 4801 ⁴
314 4778 382 4842 Hoc
402 4797 481 4843 auuo
506 4779 533 4843 l.
549 4778 597 4846 01
612 4779 683 4845 vn
705 4780 809 4865 Apion
830 4788 911 4845 teste
931 4783 1067 4864 Josephc
1089 4780 1229 4858 tradidit,
1253 4780 1447 4846 aedificatum
1470 4779 1560 4846 rusa
