3142 5482
213 164 276 226 554

211 335 350 420 petione,
375 340 532 419 notasque
561 334 751 419 capacitatis
781 334 912 403 inurunt
942 332 1025 422 rasis
1056 331 1244 417 exploratis:
1277 340 1336 401 aut
1358 335 1415 400 etsi
1435 336 1506 420 uirgis
1565 348 1568 452 ³!

211 422 376 490 mensariis
392 432 534 504 utuntur,
551 424 776 508 utplurimum
791 430 901 488 tamen
921 423 1091 488 diametros
1108 422 1232 488 orbium
1256 431 1290 489 et
1304 422 1509 508 longitudinem
1567 453 1569 513 3

209 512 397 579 tabularum
419 519 623 579 narratarum
639 515 814 591 metiuntur
831 533 949 594 easque
970 512 1054 578 inter
1075 532 1110 575 se
1126 511 1343 596 multiplicant
1364 514 1510 596 00010000

211 602 373 667 cautiones
384 600 537 666 adhibent
559 600 733 679 deorbium
754 603 835 669 inter
858 621 892 665 se
904 597 1143 684 inaequalitate,
1168 602 1291 677 uentris
1309 603 1510 685 amplitudine,

212 696 387 757 curvatura
416 689 613 755 tabularum:
642 711 742 773 neque
771 689 832 756 sibi
856 689 991 754 invicem
1019 688 1235 772 satisfaciunt,
1268 691 1350 775 quin
1380 691 1431 756 alii
1449 691 1513 757 alios

210 778 329 844 erroris
351 783 501 861 arguunt.

300 866 379 931 Cum
400 868 498 950 igitur
521 864 706 945 didicissem,
730 887 824 932 usum
845 863 931 930 hunc
952 863 1061 948 virgae
1082 866 1308 943 mansuersalis
1333 865 1456 950 pubhca
1474 867 1514 932 hic

145 1015 147 1026 ,
211 955 402 1021 auctoritate
427 954 605 1021 stabilitum
632 962 665 1021 et
690 960 832 1041 juratam
853 955 902 1018 illi
926 954 1240 1019 mensorumvfidem:
1274 956 1380 1020 risum
1401 963 1514 1021 estnon

168 1047 172 1051 ”
210 1044 431 1109 inconveniens
453 1065 534 1109 noro
557 1043 682 1123 marito,
704 1064 821 1127 novum
840 1042 1142 1109 mathematicorum
1157 1042 1313 1113 laborum·
1332 1045 1512 1128 principium,

211 1132 437 1198 certitudinem
460 1131 555 1218 hujus
579 1131 822 1216 compendiosae
849 1138 882 1196 et
907 1133 949 1196 ad
974 1152 1041 1195 rem
1063 1131 1255 1197 familiarem
1278 1136 1515 1217 pernecessariae

211 1221 416 1299 dimensionis
449 1220 492 1287 ad
524 1222 610 1304 leges
642 1222 850 1304 geometricas
873 1220 1039 1305 explorare
1069 1220 1365 1305 tundamentaque,
1396 1222 1423 1288 si
1448 1243 1516 1305 quac

211 1315 327 1387 esseut,
350 1311 383 1375 in
404 1311 511 1387 lucem,
529 1310 681 1393 proferre.
916 1388 918 1392 μ

237 1443 239 1445 -
299 1398 381 1464 Cum
413 1404 523 1464 autem
556 1398 729 1480 speculatio
761 1396 840 1463 haec
877 1397 1038 1482 superiori
1070 1397 1179 1463 triduo
1208 1397 1358 1483 jucunda
1397 1397 1515 1482 quadan

211 1486 366 1552 uarietate
388 1487 599 1567 successisset,
632 1485 711 1552 adeo
734 1493 771 1550 ut
798 1486 877 1551 certi
906 1485 985 1570 quid
1006 1487 1213 1570 pronunciari
1243 1494 1371 1570 posset,
1403 1490 1514 1572 jamque

211 1575 255 1640 ad
276 1569 536 1660 perscribendam
558 1580 591 1639 et
614 1574 819 1640 excolendam
847 1573 931 1640 hauc
961 1575 1276 1657 demonstrationem,
1311 1575 1516 1660 quippe'qucd

78 1676 81 1682 ·
208 1667 276 1749 jam
309 1669 378 1728 erat
411 1670 517 1729 mente
549 1661 793 1746 comprehensa,
834 1663 994 1739 calamum
1027 1663 1228 1746 stringerem:
1265 1687 1333 1729 nou
1368 1665 1423 1730 diu
1454 1665 1517 1728 mihi

212 1751 385 1835 quaerendi
397 1758 500 1832 erant,
516 1773 597 1835 ques
609 1751 817 1833 dedicatione,
835 1752 920 1836 quod
931 1752 1121 1836 principium
1132 1760 1203 1817 erat
1213 1750 1328 1832 libelli,
1343 1753 1515 1838 alloquerer,

210 1842 264 1922 qui
285 1840 401 1923 ingenii
422 1841 610 1906 rectitudine
632 1840 945 1922 demonstrationum
965 1839 1131 1924 decederes,
1145 1849 1327 1924 aequarent
1357 1843 1514 1926 pulchritu-

210 1927 380 2013 dinemque
408 1950 515 1995 earum
546 1930 700 2012 singulari
730 1930 1215 2014 cupiditatelprosequerentur:
1249 1931 1351 1996 talem
1376 1933 1454 1996 enim
1473 1931 1514 2009 le,

100 2042 103 2054 ·
209 2016 422 2084 Illustrissime
450 2017 584 2083 Domine
622 2017 666 2083 de
690 2017 998 2098 Ι111001110001010,
1035 2019 1112 2083 mihi
1150 2018 1355 2102 praedicarit
1396 2019 1516 2084 medicus

209 2110 286 2170 tuus
308 2107 346 2172 D.
371 2107 512 2172 Joannes
530 2106 801 2172 Wodderbornius
817 2105 929 2172 Scotus
956 2113 1045 2183 (comp.
1064 2118 1120 2169 vor.
1139 2118 1172 2169 11.
1190 2133 1216 2188 p.
1236 2118 1315 2190 460),
1341 2109 1390 2173 vir
1411 2108 1515 2180 mathe

99 2195 101 2199 ’
210 2196 334 2260 maticis
355 2194 481 2268 artibus
495 2192 775 2260 exercitatissimus
793 2216 894 2280 eoque
917 2194 994 2260 mihi
1009 2196 1227 2274 amicissimus,
1253 2199 1310 2279 qui
1335 2197 1517 2264 commodum

208 2282 422 2348 interveniens
452 2284 511 2349 Tui
550 2285 734 2349 memoriam
778 2283 856 2349 mihi
893 2284 1073 2371 praesentia
1111 2305 1170 2349 sua
1210 2288 1397 2352 renovarit:
1436 2285 1515 2349 talem

209 2372 306 2436 etiam
340 2372 384 2437 Te
406 2373 542 2438 illustris
576 2380 608 2438 01
643 2373 802 2437 Generose
834 2373 870 2439 L.
894 2371 930 2437 B.
953 2371 974 2436 J
981 2376 1116 2455 drgere
1148 2372 1245 2455 longo
1273 2396 1338 2438 usu
1375 2374 1516 2459 cognitum

208 2457 385 2532 habebam:
415 2481 479 2547 qua
501 2462 535 2527 in
564 2460 661 2526 laude
690 2462 737 2526 ita
766 2482 861 2544 pares
891 2461 973 2539 estis,
1006 2468 1043 2525 ut
1071 2462 1222 2546 injuriam
1255 2463 1408 2528 alterutri
1429 2464 1515 2528 lacere

208 2548 308 2614 videri
330 2551 457 2635 possim,
481 2550 601 2634 quippe
623 2549 789 2632 utriusque
810 2549 919 2629 cliens,
942 2549 968 2614 si
990 2549 1129 2614 alterum
1151 2550 1254 2615 solum
1277 2553 1484 2621 nonrinarem.

258 2681 261 2685 -
297 2634 341 2703 Et
362 2639 439 2721 quid
460 2639 622 2722 impediat,
654 2659 717 2722 quo
738 2640 843 2717 minus
875 2636 1011 2722 cohagar
1040 2638 1092 2703 hic
1116 2659 1171 2706 ros
1198 2638 1389 2724 designem?
1418 2642 1515 2725 quippe

209 2725 245 2792 iu
263 2728 399 2809 negotio,
421 2726 476 2793 ubi
494 2749 557 2793 uon
574 2731 643 2812 jam
665 2726 849 2810 nobilitatis,
872 2749 937 2794 non
960 2727 1132 2811 dignitatis,
1155 2749 1220 2793 non
1248 2729 1410 2795 virtutum
1428 2729 1516 2813 polib-

110 2900 112 2903 ι
209 2835 332 2896 carum,
353 2836 420 2881 uon
442 2815 540 2883 ullius
561 2818 615 2894 rei,
640 2838 738 2900 qnam
760 2813 1007 2899 mathematicus
1030 2832 1161 2882 eernere
1190 2817 1306 2898 001001,
1339 2819 1397 2884 sed
1418 2815 1517 2902 ingenii

210 2908 349 2984 tanturm,
372 2911 405 2969 et
427 2904 552 2970 silicet
574 2905 702 2991 addere,
726 2905 894 2988 patrocinii
915 2906 977 2970 inei
997 2903 1168 2971 aemulatio
1190 2904 1300 2972 locum
1325 2906 1434 2973 habet

296 2991 395 3058 Nulla
416 2993 514 3077 igitur
539 2993 750 3060 haesitatione
780 3014 856 3060 usus
886 3001 1029 3059 strenam
1052 2993 1090 3060 G.
1115 2992 1153 3058 G.
1175 2993 1213 3058 11.
1237 2996 1286 3063 V:
1301 2996 1340 3061 in
1363 2995 1516 3062 subeunte

102 3126 106 3133 ι
208 3077 536 3148 1000001100100100
558 3104 596 3148 ex
626 3083 842 3167 speculatione
871 3103 958 3154 mea.
972 3082 1162 3148 concinnare
1190 3085 1308 3164 statui,
1344 3106 1411 3169 qua
1438 3082 1515 3149 etde

208 3169 405 3252 gratitudine
426 3169 460 3235 iu
482 3170 586 3235 Deum
608 3193 671 3255 pro
697 3172 835 3257 acceptis
860 3170 911 3236 bis
935 3171 1070 3255 ahisque
1091 3173 1250 3238 transacti
1272 3176 1355 3239 anni
1376 3171 1515 3239 beneficiis
1564 3211 1567 3222 ·

208 3259 357 3341 umiuque
389 3259 641 3340 admoneremur,
672 3262 832 3344 juxtaque
865 3264 898 3325 et
935 3282 990 3326 vos
1017 3261 1150 3326 Patroni
1182 3281 1222 3325 ex
1250 3260 1515 3328 dedicationem

208 3352 329 3428 gratae
366 3353 398 3411 et
429 3368 485 3429 ego
515 3355 629 3414 auctor
659 3369 699 3413 ex
727 3348 897 3415 lectoribus
915 3354 962 3414 'et
990 3347 1252 3414 aestimatoribus
1282 3349 1514 3435 intelligentibus

208 3440 319 3499 mutua
332 3436 497 3520 uoluptate
510 3436 702 3503 frueremur:
718 3443 819 3521 utque
831 3438 892 3504 hoc
904 3439 1057 3504 Austrme
1072 3438 1329 3518 nostraedecus,
1345 3441 1513 3506 Austriacas
1568 3439 1569 3442 ’

208 3523 405 3604 potissimum
430 3523 605 3592 nobilitatis
631 3547 794 3612 proceres,
830 3527 960 3611 riuique
993 3518 1200 3593 mensurandi
1233 3529 1333 3609 ratio,
1368 3530 1513 3593 vinearum
1568 3533 1570 3536 ⁴

207 3611 438 3678 latissimarum
460 3634 666 3704 possessores,
699 3615 813 3701 quibus
842 3618 950 3702 riuum
980 3616 1023 3681 ad
1045 3614 1300 3697 munificentiam
1329 3637 1434 3702 usque
1452 3635 1511 3698 sup
1566 3700 1567 3703 Ἴ

207 3704 342 3784 peteret,
365 3704 517 3786 patronos
539 3702 684 3770 haberet.
832 3720 844 3788 J
1570 3782 1571 3791 ,

297 3788 410 3856 Valete
441 3791 524 3857 Gen:
554 3793 706 3859 Procerus
729 3798 762 3859 et
783 3794 1000 3877 speculatione
1020 3791 1249 3877 pulcherrima,
1262 3793 1399 3860 deliciis
1418 3790 1512 3861 restris

207 3880 376 3958 consuetis,
389 3881 513 3945 animos
523 3887 645 3948 vestros
663 3882 824 3953 oblectata
838 3880 1021 3965 annumque
1037 3882 1224 3951 subeuntem
1233 3882 1367 3958 ¹hilares
1383 3888 1415 3948 et
1434 3885 1511 3947 mam

207 3963 298 4032 bonis
321 3969 507 4057 omnigenis
524 3965 705 4053 transigite:
734 3992 866 4054 meque,
890 3978 928 4036 01
949 3971 1133 4048 consuestis,
1164 3976 1275 4038 restra
1300 3972 1416 4056 ,gratia
1433 3987 1510 4054 porro

207 4075 335 4136 quoque
349 4057 584 4140 prosequimini.
630 4059 742 4142 Lincii,
764 4059 848 4126 11111.
872 4059 939 4138 Gal.
961 4058 1036 4126 Jan.
1058 4061 1151 4136 Auno
1168 4059 1423 4129 Christianorum
1437 4056 1508 4124 0001·

207 4141 382 4210 dentalium
403 4144 598 4213 MDCXIIII.
614 4147 638 4228 ¹)
714 4207 718 4221 ,
885 4214 887 4218 ,
1147 4154 1148 4157 ’
1187 4174 1189 4177 ·
1562 4188 1563 4192 =

165 4265 170 4283 =
251 4232 359 4299 »1112
386 4232 507 4305 011111·
549 4237 588 4304 G.
612 4237 651 4304 G.
676 4237 712 4302 V.
735 4237 773 4318 V.
989 4300 992 4304 ,

889 4325 1114 4391 Devotissimus

512 4457 528 4469 -
677 4468 682 4479 ,
818 4414 899 4500 Imp.
923 4416 1014 4480 Caes.
1038 4414 1197 4480 Matthiae
1225 4484 1230 4489 ,

680 4504 823 4592 Ejusque
845 4504 921 4571 fidd
946 4503 1045 4569 Ordd.
1068 4503 1222 4569 Austrise
1246 4527 1275 4572 s·
1298 4505 1336 4570 h

632 4597 633 4605 ’
881 4592 1126 4661 Mathematicus
1190 4662 1192 4667 4

883 4723 886 4727 <
973 4700 978 4707 ’
1013 4679 1184 4750 deaunes
1206 4680 1432 4771 Kepplerus
