<?xml version="1.0" encoding="UTF-8"?>
<!DOCTYPE html PUBLIC "-//W3C//DTD XHTML 1.0 Transitional//EN"
    "http://www.w3.org/TR/xhtml1/DTD/xhtml1-transitional.dtd">
<html xmlns="http://www.w3.org/1999/xhtml" xml:lang="en" lang="en">
 <head>
  <title>
</title>
<meta http-equiv="Content-Type" content="text/html;charset=utf-8" />
  <meta name='ocr-system' content='tesseract 3.04.00' />
  <meta name='ocr-capabilities' content='ocr_page ocr_carea ocr_par ocr_line ocrx_word'/>
</head>
<body>
  <div class='ocr_page' id='page_1' title='image "./joanniskepleria13frisgoog_0530.png"; bbox 0 0 3142 5482; ppageno 0'>
   <div class='ocr_carea' id='block_1_1' title="bbox 566 214 1333 274">
    <p class='ocr_par' dir='ltr' id='par_1_1' title="bbox 566 214 1333 274">
     <span class='ocr_line' id='line_1_1' title="bbox 566 214 1333 274; baseline -0.009 -6"><span class='ocrx_word' id='word_1_1' title='bbox 566 217 647 268; x_wconf 81' lang='lat' dir='ltr'><strong>Notae</strong></span> <span class='ocrx_word' id='word_1_2' title='bbox 667 216 781 268; x_wconf 76' lang='lat' dir='ltr'><strong>Editoris.</strong></span> <span class='ocrx_word' id='word_1_3' title='bbox 1272 214 1333 274; x_wconf 73' lang='lat'><strong>517</strong></span> 
     </span>
    </p>
   </div>
   <div class='ocr_carea' id='block_1_2' title="bbox 22 389 1409 3228">
    <p class='ocr_par' dir='ltr' id='par_1_2' title="bbox 23 389 1337 1383">
     <span class='ocr_line' id='line_1_2' title="bbox 24 389 1335 459; baseline -0.005 -14"><span class='ocrx_word' id='word_1_4' title='bbox 24 399 71 446; x_wconf 81' lang='lat' dir='ltr'><strong>icet</strong></span> <span class='ocrx_word' id='word_1_5' title='bbox 90 396 217 459; x_wconf 83' lang='lat' dir='ltr'><strong>epistolae</strong></span> <span class='ocrx_word' id='word_1_6' title='bbox 236 410 308 445; x_wconf 89' lang='lat' dir='ltr'><strong>mesa</strong></span> <span class='ocrx_word' id='word_1_7' title='bbox 327 397 444 451; x_wconf 82' lang='lat' dir='ltr'><strong>rariores,</strong></span> <span class='ocrx_word' id='word_1_8' title='bbox 470 408 533 458; x_wconf 86' lang='lat' dir='ltr'><strong>quas</strong></span> <span class='ocrx_word' id='word_1_9' title='bbox 549 397 602 457; x_wconf 85' lang='lat' dir='ltr'><strong>jam</strong></span> <span class='ocrx_word' id='word_1_10' title='bbox 621 394 795 458; x_wconf 75' lang='lat' dir='ltr'>occupationes</span> <span class='ocrx_word' id='word_1_11' title='bbox 813 391 965 445; x_wconf 82' lang='lat' dir='ltr'><strong>cumulatae.</strong></span> <span class='ocrx_word' id='word_1_12' title='bbox 982 393 1034 453; x_wconf 83' lang='lat' dir='ltr'><strong>jam</strong></span> <span class='ocrx_word' id='word_1_13' title='bbox 1052 389 1162 439; x_wconf 79' lang='lat' dir='ltr'><strong>afflictae</strong></span> <span class='ocrx_word' id='word_1_14' title='bbox 1182 390 1335 438; x_wconf 85' lang='lat' dir='ltr'><strong>raletudinis</strong></span> 
     </span>
     <span class='ocr_line' id='line_1_3' title="bbox 24 460 1334 530; baseline -0.005 -15"><span class='ocrx_word' id='word_1_15' title='bbox 24 469 123 517; x_wconf 75' lang='lat' dir='ltr'><strong>stiones</strong></span> <span class='ocrx_word' id='word_1_16' title='bbox 154 468 334 530; x_wconf 83' lang='lat' dir='ltr'><strong>impedierant.</strong></span> <span class='ocrx_word' id='word_1_17' title='bbox 363 482 412 515; x_wconf 85' lang='lat' dir='ltr'><strong>uon</strong></span> <span class='ocrx_word' id='word_1_18' title='bbox 430 473 524 522; x_wconf 76' lang='lat' dir='ltr'><strong>imitas,</strong></span> <span class='ocrx_word' id='word_1_19' title='bbox 542 473 648 529; x_wconf 88' lang='lat' dir='ltr'><strong>quantas</strong></span> <span class='ocrx_word' id='word_1_20' title='bbox 672 464 826 514; x_wconf 89' lang='lat' dir='ltr'><strong>immortales</strong></span> <span class='ocrx_word' id='word_1_21' title='bbox 845 476 943 510; x_wconf 85' lang='lat' dir='ltr'><strong>meeum</strong></span> <span class='ocrx_word' id='word_1_22' title='bbox 962 462 1116 516; x_wconf 84' lang='lat' dir='ltr'><strong>circumlem.</strong></span> <span class='ocrx_word' id='word_1_23' title='bbox 1145 460 1334 524; x_wconf 77' lang='lat' dir='ltr'><strong>explicuissent.</strong></span> 
     </span>
     <span class='ocr_line' id='line_1_4' title="bbox 24 532 1333 600; baseline -0.006 -13"><span class='ocrx_word' id='word_1_24' title='bbox 24 537 194 587; x_wconf 80' lang='lat' dir='ltr'><strong>leditatioues</strong></span> <span class='ocrx_word' id='word_1_25' title='bbox 208 537 344 600; x_wconf 59' lang='lat' dir='ltr'><strong>²do&#39;Stella</strong></span> <span class='ocrx_word' id='word_1_26' title='bbox 361 537 432 588; x_wconf 81' lang='lat' dir='ltr'><strong>Nova</strong></span> <span class='ocrx_word' id='word_1_27' title='bbox 450 544 476 585; x_wconf 87' lang='lat' dir='ltr'><strong>st</strong></span> <span class='ocrx_word' id='word_1_28' title='bbox 493 536 525 585; x_wconf 87' lang='lat' dir='ltr'><strong>de</strong></span> <span class='ocrx_word' id='word_1_29' title='bbox 543 536 630 586; x_wconf 81' lang='lat' dir='ltr'><strong>Natali</strong></span> <span class='ocrx_word' id='word_1_30' title='bbox 649 536 797 591; x_wconf 78' lang='lat' dir='ltr'><strong>servatoris,</strong></span> <span class='ocrx_word' id='word_1_31' title='bbox 815 548 845 582; x_wconf 88' lang='lat' dir='ltr'><strong>ex</strong></span> <span class='ocrx_word' id='word_1_32' title='bbox 863 535 982 597; x_wconf 84' lang='lat' dir='ltr'><strong>promisso</strong></span> <span class='ocrx_word' id='word_1_33' title='bbox 994 532 1176 580; x_wconf 78' lang='lat' dir='ltr'><strong>llominatiouis</strong></span> <span class='ocrx_word' id='word_1_34' title='bbox 1190 532 1260 581; x_wconf 84' lang='lat' dir='ltr'><strong>Tuae</strong></span> <span class='ocrx_word' id='word_1_35' title='bbox 1275 532 1333 580; x_wconf 84' lang='lat' dir='ltr'><strong>dum</strong></span> 
     </span>
     <span class='ocr_line' id='line_1_5' title="bbox 24 603 1331 673; baseline -0.005 -16"><span class='ocrx_word' id='word_1_36' title='bbox 24 608 174 657; x_wconf 64' lang='lat' dir='ltr'><strong>’&#39;rancolurto</strong></span> <span class='ocrx_word' id='word_1_37' title='bbox 194 609 350 673; x_wconf 83' lang='lat' dir='ltr'><strong>exemplaria</strong></span> <span class='ocrx_word' id='word_1_38' title='bbox 367 608 512 663; x_wconf 78' lang='lat' dir='ltr'><strong>afferantur,</strong></span> <span class='ocrx_word' id='word_1_39' title='bbox 532 621 624 672; x_wconf 72' lang='lat' dir='ltr'><strong>magno</strong></span> <span class='ocrx_word' id='word_1_40' title='bbox 642 623 698 655; x_wconf 84' lang='lat' dir='ltr'><strong>curn</strong></span> <span class='ocrx_word' id='word_1_41' title='bbox 715 606 838 654; x_wconf 86' lang='lat' dir='ltr'><strong>desiderio</strong></span> <span class='ocrx_word' id='word_1_42' title='bbox 852 611 978 672; x_wconf 70' lang='lat' dir='ltr'><strong>exspectm</strong></span> <span class='ocrx_word' id='word_1_43' title='bbox 997 603 1100 651; x_wconf 78' lang='lat' dir='ltr'>Interim</span> <span class='ocrx_word' id='word_1_44' title='bbox 1113 616 1157 665; x_wconf 86' lang='lat' dir='ltr'><strong>per</strong></span> <span class='ocrx_word' id='word_1_45' title='bbox 1169 610 1331 652; x_wconf 74' lang='lat' dir='ltr'>transennam</span> 
     </span>
     <span class='ocr_line' id='line_1_6' title="bbox 24 672 1335 743; baseline -0.008 -15"><span class='ocrx_word' id='word_1_46' title='bbox 24 681 83 743; x_wconf 41' lang='lat' dir='ltr'><strong>Quasi</strong></span> <span class='ocrx_word' id='word_1_47' title='bbox 103 679 267 742; x_wconf 74' lang='lat' dir='ltr'>introspicere</span> <span class='ocrx_word' id='word_1_48' title='bbox 286 680 348 729; x_wconf 90' lang='lat' dir='ltr'><strong>mihi</strong></span> <span class='ocrx_word' id='word_1_49' title='bbox 367 679 437 728; x_wconf 85' lang='lat' dir='ltr'><strong>licuit</strong></span> <span class='ocrx_word' id='word_1_50' title='bbox 454 680 480 728; x_wconf 89' lang='lat' dir='ltr'><strong>io</strong></span> <span class='ocrx_word' id='word_1_51' title='bbox 499 679 610 727; x_wconf 87' lang='lat' dir='ltr'><strong>alienum</strong></span> <span class='ocrx_word' id='word_1_52' title='bbox 629 678 766 740; x_wconf 81' lang='lat' dir='ltr'><strong>exemplar.</strong></span> <span class='ocrx_word' id='word_1_53' title='bbox 803 675 840 724; x_wconf 80' lang='lat' dir='ltr'><strong>lbi</strong></span> <span class='ocrx_word' id='word_1_54' title='bbox 858 690 914 723; x_wconf 87' lang='lat' dir='ltr'><strong>cum</strong></span> <span class='ocrx_word' id='word_1_55' title='bbox 933 675 1005 723; x_wconf 87' lang='lat' dir='ltr'><strong>hians</strong></span> <span class='ocrx_word' id='word_1_56' title='bbox 1024 686 1130 722; x_wconf 78' lang='lat' dir='ltr'><strong>venarer</strong></span> <span class='ocrx_word' id='word_1_57' title='bbox 1148 672 1335 722; x_wconf 79' lang='lat' dir='ltr'><strong>Domiuationis</strong></span> 
     </span>
     <span class='ocr_line' id='line_1_7' title="bbox 24 741 1334 813; baseline -0.006 -14"><span class='ocrx_word' id='word_1_58' title='bbox 24 749 83 799; x_wconf 82' lang='lat' dir='ltr'><strong>luae</strong></span> <span class='ocrx_word' id='word_1_59' title='bbox 104 749 140 798; x_wconf 86' lang='lat' dir='ltr'><strong>de</strong></span> <span class='ocrx_word' id='word_1_60' title='bbox 168 751 253 800; x_wconf 82' lang='lat' dir='ltr'><strong>Natali</strong></span> <span class='ocrx_word' id='word_1_61' title='bbox 273 751 411 801; x_wconf 78' lang='lat' dir='ltr'><strong>serraturis</strong></span> <span class='ocrx_word' id='word_1_62' title='bbox 430 751 590 806; x_wconf 80' lang='lat' dir='ltr'><strong>sententiam,</strong></span> <span class='ocrx_word' id='word_1_63' title='bbox 615 762 710 813; x_wconf 71' lang='lat' dir='ltr'><strong>mapsa</strong></span> <span class='ocrx_word' id='word_1_64' title='bbox 728 762 784 797; x_wconf 87' lang='lat' dir='ltr'><strong>cum</strong></span> <span class='ocrx_word' id='word_1_65' title='bbox 800 746 959 813; x_wconf 79' lang='lat' dir='ltr'><strong>jucunditate</strong></span> <span class='ocrx_word' id='word_1_66' title='bbox 975 741 1138 808; x_wconf 83' lang='lat' dir='ltr'><strong>deprehendi.</strong></span> <span class='ocrx_word' id='word_1_67' title='bbox 1157 753 1183 792; x_wconf 86' lang='lat' dir='ltr'><strong>te</strong></span> <span class='ocrx_word' id='word_1_68' title='bbox 1201 745 1241 793; x_wconf 88' lang='lat' dir='ltr'><strong>rel</strong></span> <span class='ocrx_word' id='word_1_69' title='bbox 1264 747 1334 807; x_wconf 73' lang='lat' dir='ltr'><strong>iguo</strong></span> 
     </span>
     <span class='ocr_line' id='line_1_8' title="bbox 24 815 1334 884; baseline -0.005 -14"><span class='ocrx_word' id='word_1_70' title='bbox 24 830 113 872; x_wconf 64' lang='lat' dir='ltr'><strong>mum</strong></span> <span class='ocrx_word' id='word_1_71' title='bbox 137 836 195 870; x_wconf 86' lang='lat' dir='ltr'><strong>com</strong></span> <span class='ocrx_word' id='word_1_72' title='bbox 220 822 326 874; x_wconf 86' lang='lat' dir='ltr'><strong>Domino</strong></span> <span class='ocrx_word' id='word_1_73' title='bbox 350 823 511 884; x_wconf 84' lang='lat' dir='ltr'><strong>praeceptore</strong></span> <span class='ocrx_word' id='word_1_74' title='bbox 537 821 672 870; x_wconf 80' lang='lat' dir='ltr'><strong>Maestlino</strong></span> <span class='ocrx_word' id='word_1_75' title='bbox 696 819 800 869; x_wconf 77' lang='lat' dir='ltr'><strong>mirifice</strong></span> <span class='ocrx_word' id='word_1_76' title='bbox 826 819 974 873; x_wconf 80' lang='lat' dir='ltr'><strong>consentire,</strong></span> <span class='ocrx_word' id='word_1_77' title='bbox 999 816 1042 880; x_wconf 85' lang='lat' dir='ltr'><strong>qni</strong></span> <span class='ocrx_word' id='word_1_78' title='bbox 1068 815 1154 865; x_wconf 88' lang='lat' dir='ltr'><strong>itidem</strong></span> <span class='ocrx_word' id='word_1_79' title='bbox 1172 815 1190 862; x_wconf 81' lang='lat'>4</span> <span class='ocrx_word' id='word_1_80' title='bbox 1208 828 1285 866; x_wconf 80' lang='lat' dir='ltr'><strong>sonos</strong></span> <span class='ocrx_word' id='word_1_81' title='bbox 1304 825 1334 864; x_wconf 82' lang='lat' dir='ltr'><strong>et</strong></span> 
     </span>
     <span class='ocr_line' id='line_1_9' title="bbox 24 884 1335 956; baseline -0.004 -16"><span class='ocrx_word' id='word_1_82' title='bbox 24 891 111 954; x_wconf 80' lang='lat' dir='ltr'><strong>liquot</strong></span> <span class='ocrx_word' id='word_1_83' title='bbox 135 906 234 941; x_wconf 84' lang='lat' dir='ltr'><strong>menses</strong></span> <span class='ocrx_word' id='word_1_84' title='bbox 259 893 377 956; x_wconf 71' lang='lat' dir='ltr'><strong>vulgatae</strong></span> <span class='ocrx_word' id='word_1_85' title='bbox 397 891 506 954; x_wconf 85' lang='lat' dir='ltr'><strong>apochae</strong></span> <span class='ocrx_word' id='word_1_86' title='bbox 526 891 677 954; x_wconf 84' lang='lat' dir='ltr'><strong>adjiciendos</strong></span> <span class='ocrx_word' id='word_1_87' title='bbox 696 890 890 940; x_wconf 76' lang='lat' dir='ltr'><strong>demonstrative</strong></span> <span class='ocrx_word' id='word_1_88' title='bbox 909 884 1095 948; x_wconf 64' lang='lat' dir='ltr'><strong>statuiteujus</strong></span> <span class='ocrx_word' id='word_1_89' title='bbox 1114 900 1175 934; x_wconf 83' lang='lat' dir='ltr'><strong>snae</strong></span> <span class='ocrx_word' id='word_1_90' title='bbox 1195 887 1335 935; x_wconf 83' lang='lat' dir='ltr'><strong>sententiae</strong></span> 
     </span>
     <span class='ocr_line' id='line_1_10' title="bbox 24 954 1335 1026; baseline -0.002 -17"><span class='ocrx_word' id='word_1_91' title='bbox 24 959 130 1011; x_wconf 61' lang='lat' dir='ltr'><strong>ationes&#39;</strong></span> <span class='ocrx_word' id='word_1_92' title='bbox 150 962 212 1011; x_wconf 88' lang='lat' dir='ltr'><strong>mihi</strong></span> <span class='ocrx_word' id='word_1_93' title='bbox 235 956 293 1013; x_wconf 83' lang='lat' dir='ltr'><strong>non</strong></span> <span class='ocrx_word' id='word_1_94' title='bbox 310 972 407 1025; x_wconf 67' lang='lat' dir='ltr'><strong>mutum</strong></span> <span class='ocrx_word' id='word_1_95' title='bbox 433 963 534 1026; x_wconf 79' lang='lat' dir='ltr'>prolixis</span> <span class='ocrx_word' id='word_1_96' title='bbox 560 962 640 1011; x_wconf 82' lang='lat' dir='ltr'><strong>serbis</strong></span> <span class='ocrx_word' id='word_1_97' title='bbox 655 960 742 1009; x_wconf 87' lang='lat' dir='ltr'><strong>&#39;semel</strong></span> <span class='ocrx_word' id='word_1_98' title='bbox 769 969 795 1009; x_wconf 90' lang='lat' dir='ltr'><strong>ot</strong></span> <span class='ocrx_word' id='word_1_99' title='bbox 821 962 918 1018; x_wconf 85' lang='lat' dir='ltr'><strong>lterum</strong></span> <span class='ocrx_word' id='word_1_100' title='bbox 937 960 1059 1021; x_wconf 79' lang='lat' dir='ltr'><strong>exposuit,</strong></span> <span class='ocrx_word' id='word_1_101' title='bbox 1083 956 1128 1005; x_wconf 88' lang='lat' dir='ltr'><strong>sed</strong></span> <span class='ocrx_word' id='word_1_102' title='bbox 1150 954 1258 1008; x_wconf 82' lang='lat' dir='ltr'><strong>eaodem</strong></span> <span class='ocrx_word' id='word_1_103' title='bbox 1276 964 1335 1006; x_wconf 87' lang='lat' dir='ltr'><strong>ante</strong></span> 
     </span>
     <span class='ocr_line' id='line_1_11' title="bbox 24 1023 1334 1098; baseline -0.004 -18"><span class='ocrx_word' id='word_1_104' title='bbox 24 1031 145 1081; x_wconf 78' lang='lat' dir='ltr'><strong>›ienuium</strong></span> <span class='ocrx_word' id='word_1_105' title='bbox 177 1041 204 1081; x_wconf 86' lang='lat' dir='ltr'><strong>et</strong></span> <span class='ocrx_word' id='word_1_106' title='bbox 235 1035 343 1097; x_wconf 82' lang='lat' dir='ltr'><strong>amplius</strong></span> <span class='ocrx_word' id='word_1_107' title='bbox 371 1033 472 1098; x_wconf 89' lang='lat' dir='ltr'><strong>publica</strong></span> <span class='ocrx_word' id='word_1_108' title='bbox 499 1031 529 1081; x_wconf 90' lang='lat' dir='ltr'><strong>de</strong></span> <span class='ocrx_word' id='word_1_109' title='bbox 558 1048 600 1098; x_wconf 10' lang='lat' dir='ltr'><strong>eo*</strong></span> <span class='ocrx_word' id='word_1_110' title='bbox 616 1034 763 1096; x_wconf 73' lang='lat' dir='ltr'><strong>argumento</strong></span> <span class='ocrx_word' id='word_1_111' title='bbox 792 1030 903 1079; x_wconf 88' lang='lat' dir='ltr'><strong>oratione</strong></span> <span class='ocrx_word' id='word_1_112' title='bbox 931 1028 1019 1078; x_wconf 83' lang='lat' dir='ltr'><strong>habita</strong></span> <span class='ocrx_word' id='word_1_113' title='bbox 1046 1023 1116 1092; x_wconf 87' lang='lat' dir='ltr'><strong>(poto</strong></span> <span class='ocrx_word' id='word_1_114' title='bbox 1136 1026 1334 1091; x_wconf 87' lang='lat' dir='ltr'><strong>inpromotione</strong></span> 
     </span>
     <span class='ocr_line' id='line_1_12' title="bbox 23 1097 1335 1166; baseline -0.003 -16"><span class='ocrx_word' id='word_1_115' title='bbox 23 1103 253 1162; x_wconf 76' lang='lat' dir='ltr'><strong>iacoalaureomm</strong></span> <span class='ocrx_word' id='word_1_116' title='bbox 272 1105 292 1153; x_wconf 89' lang='lat' dir='ltr'><strong>si</strong></span> <span class='ocrx_word' id='word_1_117' title='bbox 311 1111 379 1153; x_wconf 85' lang='lat' dir='ltr'><strong>recte</strong></span> <span class='ocrx_word' id='word_1_118' title='bbox 398 1104 511 1165; x_wconf 88' lang='lat' dir='ltr'><strong>memini)</strong></span> <span class='ocrx_word' id='word_1_119' title='bbox 531 1103 674 1153; x_wconf 84' lang='lat' dir='ltr'><strong>celebravit.</strong></span> <span class='ocrx_word' id='word_1_120' title='bbox 710 1102 742 1150; x_wconf 84' lang='lat' dir='ltr'><strong>Et</strong></span> <span class='ocrx_word' id='word_1_121' title='bbox 760 1102 835 1166; x_wconf 85' lang='lat' dir='ltr'><strong>paulo</strong></span> <span class='ocrx_word' id='word_1_122' title='bbox 854 1108 911 1149; x_wconf 91' lang='lat' dir='ltr'><strong>ante</strong></span> <span class='ocrx_word' id='word_1_123' title='bbox 931 1113 1005 1164; x_wconf 86' lang='lat' dir='ltr'><strong>qoam</strong></span> <span class='ocrx_word' id='word_1_124' title='bbox 1024 1098 1073 1149; x_wconf 88' lang='lat' dir='ltr'><strong>irae</strong></span> <span class='ocrx_word' id='word_1_125' title='bbox 1086 1097 1262 1147; x_wconf 72' lang='lat' dir='ltr'>meditationes</span> <span class='ocrx_word' id='word_1_126' title='bbox 1275 1104 1335 1146; x_wconf 88' lang='lat' dir='ltr'><strong>tnae</strong></span> 
     </span>
     <span class='ocr_line' id='line_1_13' title="bbox 23 1166 1337 1238; baseline -0.004 -17"><span class='ocrx_word' id='word_1_127' title='bbox 23 1173 73 1221; x_wconf 86' lang='lat' dir='ltr'><strong>nihl</strong></span> <span class='ocrx_word' id='word_1_128' title='bbox 104 1175 174 1222; x_wconf 80' lang='lat' dir='ltr'><strong>sisae</strong></span> <span class='ocrx_word' id='word_1_129' title='bbox 200 1182 292 1232; x_wconf 73' lang='lat' dir='ltr'><strong>essent,</strong></span> <span class='ocrx_word' id='word_1_130' title='bbox 315 1168 493 1238; x_wconf 77' lang='lat' dir='ltr'><strong>jucundissimo</strong></span> <span class='ocrx_word' id='word_1_131' title='bbox 511 1177 538 1224; x_wconf 88' lang='lat' dir='ltr'><strong>in</strong></span> <span class='ocrx_word' id='word_1_132' title='bbox 556 1175 677 1238; x_wconf 91' lang='lat' dir='ltr'><strong>colloquio</strong></span> <span class='ocrx_word' id='word_1_133' title='bbox 696 1166 722 1223; x_wconf 82' lang='lat' dir='ltr'><strong>liu</strong></span> <span class='ocrx_word' id='word_1_134' title='bbox 740 1173 786 1221; x_wconf 89' lang='lat' dir='ltr'><strong>hoc</strong></span> <span class='ocrx_word' id='word_1_135' title='bbox 805 1174 858 1236; x_wconf 82' lang='lat' dir='ltr'><strong>ipso</strong></span> <span class='ocrx_word' id='word_1_136' title='bbox 876 1185 979 1219; x_wconf 79' lang='lat' dir='ltr'><strong>musaeo</strong></span> <span class='ocrx_word' id='word_1_137' title='bbox 997 1182 1052 1219; x_wconf 89' lang='lat' dir='ltr'><strong>meo</strong></span> <span class='ocrx_word' id='word_1_138' title='bbox 1070 1168 1156 1231; x_wconf 84' lang='lat' dir='ltr'><strong>habito</strong></span> <span class='ocrx_word' id='word_1_139' title='bbox 1175 1168 1337 1217; x_wconf 73' lang='lat' dir='ltr'><strong>familiariter</strong></span> 
     </span>
     <span class='ocr_line' id='line_1_14' title="bbox 23 1238 1334 1309; baseline -0.002 -19"><span class='ocrx_word' id='word_1_140' title='bbox 23 1245 150 1307; x_wconf 68' lang='lat' dir='ltr'><strong>›xplieuiez</strong></span> <span class='ocrx_word' id='word_1_141' title='bbox 176 1259 240 1309; x_wconf 87' lang='lat' dir='ltr'><strong>quae</strong></span> <span class='ocrx_word' id='word_1_142' title='bbox 259 1261 344 1294; x_wconf 87' lang='lat' dir='ltr'><strong>omnes</strong></span> <span class='ocrx_word' id='word_1_143' title='bbox 363 1253 433 1294; x_wconf 74' lang='lat' dir='ltr'><strong>muto</strong></span> <span class='ocrx_word' id='word_1_144' title='bbox 452 1246 513 1294; x_wconf 89' lang='lat' dir='ltr'><strong>mihi</strong></span> <span class='ocrx_word' id='word_1_145' title='bbox 528 1245 688 1308; x_wconf 77' lang='lat' dir='ltr'><strong>jucundiores</strong></span> <span class='ocrx_word' id='word_1_146' title='bbox 706 1252 773 1301; x_wconf 77' lang='lat' dir='ltr'><strong>sunt,</strong></span> <span class='ocrx_word' id='word_1_147' title='bbox 792 1243 856 1307; x_wconf 83' lang='lat' dir='ltr'><strong>quod</strong></span> <span class='ocrx_word' id='word_1_148' title='bbox 875 1254 961 1291; x_wconf 87' lang='lat' dir='ltr'><strong>earum</strong></span> <span class='ocrx_word' id='word_1_149' title='bbox 981 1242 1078 1306; x_wconf 77' lang='lat' dir='ltr'><strong>aliquos</strong></span> <span class='ocrx_word' id='word_1_150' title='bbox 1094 1243 1147 1303; x_wconf 79' lang='lat' dir='ltr'><strong>jam</strong></span> <span class='ocrx_word' id='word_1_151' title='bbox 1166 1241 1195 1288; x_wconf 88' lang='lat' dir='ltr'><strong>ln</strong></span> <span class='ocrx_word' id='word_1_152' title='bbox 1211 1238 1248 1301; x_wconf 77' lang='grc' dir='ltr'><strong>1)ΙΙ</strong></span> <span class='ocrx_word' id='word_1_153' title='bbox 1263 1240 1334 1288; x_wconf 85' lang='lat' dir='ltr'><strong>Tuas</strong></span> 
     </span>
     <span class='ocr_line' id='line_1_15' title="bbox 23 1308 1333 1383; baseline -0.002 -19"><span class='ocrx_word' id='word_1_154' title='bbox 23 1316 131 1364; x_wconf 63' lang='lat' dir='ltr'><strong>menno</strong></span> <span class='ocrx_word' id='word_1_155' title='bbox 149 1317 221 1378; x_wconf 81' lang='lat' dir='ltr'><strong>qnasi</strong></span> <span class='ocrx_word' id='word_1_156' title='bbox 239 1316 273 1365; x_wconf 85' lang='lat' dir='ltr'><strong>ad</strong></span> <span class='ocrx_word' id='word_1_157' title='bbox 291 1317 416 1365; x_wconf 81' lang='lat' dir='ltr'><strong>salemum</strong></span> <span class='ocrx_word' id='word_1_158' title='bbox 435 1317 543 1366; x_wconf 82' lang='lat' dir='ltr'><strong>dictatas</strong></span> <span class='ocrx_word' id='word_1_159' title='bbox 561 1316 827 1379; x_wconf 69' lang='lat' dir='ltr'><strong>repetendo-cognovi.</strong></span> <span class='ocrx_word' id='word_1_160' title='bbox 899 1345 902 1354; x_wconf 74' lang='lat'><strong>·</strong></span> <span class='ocrx_word' id='word_1_161' title='bbox 1001 1372 1003 1377; x_wconf 25' lang='grc' dir='ltr'>Ι</span> <span class='ocrx_word' id='word_1_162' title='bbox 1068 1379 1071 1383; x_wconf 62' lang='lat'><em>,</em></span> <span class='ocrx_word' id='word_1_163' title='bbox 1280 1372 1281 1376; x_wconf 10' lang='grc' dir='ltr'><strong>Ἰ</strong></span> <span class='ocrx_word' id='word_1_164' title='bbox 1305 1308 1307 1312; x_wconf 76' lang='grc'><strong>’</strong></span> <span class='ocrx_word' id='word_1_165' title='bbox 1332 1340 1333 1343; x_wconf 64' lang='lat'><em>=</em></span> 
     </span>
    </p>

    <p class='ocr_par' dir='ltr' id='par_1_3' title="bbox 23 1388 1345 1673">
     <span class='ocr_line' id='line_1_16' title="bbox 103 1388 1336 1468; baseline -0.006 -16"><span class='ocrx_word' id='word_1_166' title='bbox 103 1400 151 1465; x_wconf 74' lang='grc'><strong>36)</strong></span> <span class='ocrx_word' id='word_1_167' title='bbox 169 1418 193 1466; x_wconf 90' lang='lat' dir='ltr'><strong>p.</strong></span> <span class='ocrx_word' id='word_1_168' title='bbox 212 1398 273 1454; x_wconf 76' lang='lat'>277.</span> <span class='ocrx_word' id='word_1_169' title='bbox 311 1404 395 1453; x_wconf 75' lang='lat' dir='ltr'><strong>lanolt</strong></span> <span class='ocrx_word' id='word_1_170' title='bbox 419 1393 481 1453; x_wconf 81' lang='lat' dir='ltr'><strong>iorto</strong></span> <span class='ocrx_word' id='word_1_171' title='bbox 507 1405 637 1468; x_wconf 77' lang='lat' dir='ltr'><strong>Keplerus&#39;</strong></span> <span class='ocrx_word' id='word_1_172' title='bbox 657 1388 739 1453; x_wconf 75' lang='lat' dir='ltr'><strong>verbis</strong></span> <span class='ocrx_word' id='word_1_173' title='bbox 757 1403 797 1457; x_wconf 87' lang='lat' dir='ltr'><strong>his</strong></span> <span class='ocrx_word' id='word_1_174' title='bbox 816 1403 872 1450; x_wconf 86' lang='lat' dir='ltr'><strong>lites</strong></span> <span class='ocrx_word' id='word_1_175' title='bbox 890 1405 972 1466; x_wconf 82' lang='lat' dir='ltr'><strong>ipsum</strong></span> <span class='ocrx_word' id='word_1_176' title='bbox 989 1407 1043 1450; x_wconf 92' lang='lat' dir='ltr'><strong>tum</strong></span> <span class='ocrx_word' id='word_1_177' title='bbox 1060 1402 1180 1464; x_wconf 85' lang='lat' dir='ltr'><strong>temporis</strong></span> <span class='ocrx_word' id='word_1_178' title='bbox 1199 1401 1336 1467; x_wconf 75' lang='lat' dir='ltr'><strong>agitantes,</strong></span> 
     </span>
     <span class='ocr_line' id='line_1_17' title="bbox 23 1470 1345 1537; baseline -0.002 -16"><span class='ocrx_word' id='word_1_179' title='bbox 23 1486 120 1537; x_wconf 79' lang='lat' dir='ltr'><strong>nqnas</strong></span> <span class='ocrx_word' id='word_1_180' title='bbox 140 1474 263 1523; x_wconf 83' lang='lat' dir='ltr'><strong>inciderat</strong></span> <span class='ocrx_word' id='word_1_181' title='bbox 278 1489 336 1523; x_wconf 86' lang='lat' dir='ltr'><strong>cum</strong></span> <span class='ocrx_word' id='word_1_182' title='bbox 354 1476 523 1525; x_wconf 84' lang='lat' dir='ltr'><strong>eeclesiastico</strong></span> <span class='ocrx_word' id='word_1_183' title='bbox 541 1476 661 1525; x_wconf 83' lang='lat' dir='ltr'><strong>Linelano</strong></span> <span class='ocrx_word' id='word_1_184' title='bbox 680 1472 938 1536; x_wconf 69' lang='lat' dir='ltr'><strong>(Hialaro,&#39;primarlo</strong></span> <span class='ocrx_word' id='word_1_185' title='bbox 956 1473 1045 1535; x_wconf 87' lang='lat' dir='ltr'><strong>templi</strong></span> <span class='ocrx_word' id='word_1_186' title='bbox 1063 1472 1175 1520; x_wconf 80' lang='lat' dir='ltr'><strong>ministro</strong></span> <span class='ocrx_word' id='word_1_187' title='bbox 1195 1478 1222 1520; x_wconf 88' lang='lat' dir='ltr'><strong>et</strong></span> <span class='ocrx_word' id='word_1_188' title='bbox 1233 1470 1345 1520; x_wconf 84' lang='lat' dir='ltr'><strong>scholae</strong></span> 
     </span>
     <span class='ocr_line' id='line_1_18' title="bbox 23 1540 1338 1611; baseline -0.003 -17"><span class='ocrx_word' id='word_1_189' title='bbox 23 1543 176 1607; x_wconf 73' lang='lat' dir='ltr'><strong>mpeetore),</strong></span> <span class='ocrx_word' id='word_1_190' title='bbox 201 1546 245 1611; x_wconf 75' lang='lat' dir='ltr'><strong>qni</strong></span> <span class='ocrx_word' id='word_1_191' title='bbox 270 1545 418 1608; x_wconf 84' lang='lat' dir='ltr'><strong>Keplemrn‚</strong></span> <span class='ocrx_word' id='word_1_192' title='bbox 443 1561 499 1596; x_wconf 84' lang='lat' dir='ltr'><strong>cum</strong></span> <span class='ocrx_word' id='word_1_193' title='bbox 517 1546 597 1595; x_wconf 84' lang='lat' dir='ltr'><strong>nollet</strong></span> <span class='ocrx_word' id='word_1_194' title='bbox 614 1561 659 1610; x_wconf 82' lang='lat' dir='ltr'><strong>per</strong></span> <span class='ocrx_word' id='word_1_195' title='bbox 676 1545 761 1599; x_wconf 86' lang='lat' dir='ltr'><strong>omnia</strong></span> <span class='ocrx_word' id='word_1_196' title='bbox 779 1545 916 1600; x_wconf 74' lang='lat' dir='ltr'><strong>„romulae</strong></span> <span class='ocrx_word' id='word_1_197' title='bbox 935 1540 1097 1593; x_wconf 68' lang='lat' dir='ltr'><strong>concordiae*</strong></span> <span class='ocrx_word' id='word_1_198' title='bbox 1118 1543 1244 1599; x_wconf 69' lang='lat' dir='ltr'><strong>maentiri,</strong></span> <span class='ocrx_word' id='word_1_199' title='bbox 1262 1543 1338 1606; x_wconf 80' lang='lat' dir='ltr'><strong>quasi</strong></span> 
     </span>
     <span class='ocr_line' id='line_1_19' title="bbox 23 1612 1125 1673; baseline 0.002 -10"><span class='ocrx_word' id='word_1_200' title='bbox 23 1614 116 1663; x_wconf 70' lang='lat' dir='ltr'><strong>{alsim</strong></span> <span class='ocrx_word' id='word_1_201' title='bbox 134 1615 194 1665; x_wconf 77' lang='lat' dir='ltr'><strong>fidei</strong></span> <span class='ocrx_word' id='word_1_202' title='bbox 212 1616 339 1664; x_wconf 87' lang='lat' dir='ltr'><strong>addictum</strong></span> <span class='ocrx_word' id='word_1_203' title='bbox 357 1619 485 1666; x_wconf 79' lang='lat' dir='ltr'><strong>accmaslt</strong></span> <span class='ocrx_word' id='word_1_204' title='bbox 502 1626 529 1666; x_wconf 86' lang='lat' dir='ltr'><strong>at</strong></span> <span class='ocrx_word' id='word_1_205' title='bbox 546 1631 563 1666; x_wconf 84' lang='lat' dir='ltr'><strong>a</strong></span> <span class='ocrx_word' id='word_1_206' title='bbox 580 1631 654 1668; x_wconf 84' lang='lat' dir='ltr'><strong>saera</strong></span> <span class='ocrx_word' id='word_1_207' title='bbox 672 1631 751 1666; x_wconf 89' lang='lat' dir='ltr'><strong>eoena</strong></span> <span class='ocrx_word' id='word_1_208' title='bbox 769 1616 882 1664; x_wconf 82' lang='lat' dir='ltr'><strong>exclusit</strong></span> <span class='ocrx_word' id='word_1_209' title='bbox 1001 1668 1005 1673; x_wconf 62' lang='grc'>,</span> <span class='ocrx_word' id='word_1_210' title='bbox 1051 1612 1056 1617; x_wconf 80' lang='grc'><em>“</em></span> <span class='ocrx_word' id='word_1_211' title='bbox 1119 1655 1125 1665; x_wconf 82' lang='grc'><strong>.</strong></span> 
     </span>
    </p>

    <p class='ocr_par' dir='ltr' id='par_1_4' title="bbox 22 1683 1409 3228">
     <span class='ocr_line' id='line_1_20' title="bbox 106 1683 1409 1752; baseline -0.003 -16"><span class='ocrx_word' id='word_1_212' title='bbox 106 1684 178 1745; x_wconf 72' lang='lat' dir='ltr'><strong>Quas</strong></span> <span class='ocrx_word' id='word_1_213' title='bbox 207 1686 247 1735; x_wconf 87' lang='lat' dir='ltr'><strong>his</strong></span> <span class='ocrx_word' id='word_1_214' title='bbox 271 1689 402 1750; x_wconf 81' lang='lat' dir='ltr'><strong>praemisit</strong></span> <span class='ocrx_word' id='word_1_215' title='bbox 423 1688 558 1752; x_wconf 68' lang='lat' dir='ltr'><strong>Kephas,</strong></span> <span class='ocrx_word' id='word_1_216' title='bbox 584 1688 646 1737; x_wconf 89' lang='lat' dir='ltr'><strong>haee</strong></span> <span class='ocrx_word' id='word_1_217' title='bbox 673 1694 789 1752; x_wconf 80' lang='lat' dir='ltr'><strong>spectant</strong></span> <span class='ocrx_word' id='word_1_218' title='bbox 813 1686 916 1735; x_wconf 80' lang='lat' dir='ltr'><strong>Calvisii</strong></span> <span class='ocrx_word' id='word_1_219' title='bbox 941 1686 1030 1743; x_wconf 73' lang='lat' dir='ltr'><strong>rerba,</strong></span> <span class='ocrx_word' id='word_1_220' title='bbox 1058 1683 1147 1751; x_wconf 84' lang='lat' dir='ltr'><strong>quihus</strong></span> <span class='ocrx_word' id='word_1_221' title='bbox 1171 1684 1248 1732; x_wconf 83' lang='lat' dir='ltr'><strong>duom</strong></span> <span class='ocrx_word' id='word_1_222' title='bbox 1270 1684 1334 1737; x_wconf 83' lang='lat' dir='ltr'><strong>iacit</strong></span> <span class='ocrx_word' id='word_1_223' title='bbox 1407 1694 1409 1705; x_wconf 94' lang='grc'><em>·</em></span> 
     </span>
     <span class='ocr_line' id='line_1_21' title="bbox 23 1748 1334 1825; baseline 0.002 -25"><span class='ocrx_word' id='word_1_224' title='bbox 23 1756 137 1819; x_wconf 85' lang='lat' dir='ltr'><strong>pistolae</strong></span> <span class='ocrx_word' id='word_1_225' title='bbox 157 1770 230 1806; x_wconf 88' lang='lat' dir='ltr'><strong>suae:</strong></span> <span class='ocrx_word' id='word_1_226' title='bbox 249 1757 325 1806; x_wconf 78' lang='lat' dir='ltr'><strong>Falsa</strong></span> <span class='ocrx_word' id='word_1_227' title='bbox 342 1760 409 1808; x_wconf 89' lang='lat' dir='ltr'><strong>enlm</strong></span> <span class='ocrx_word' id='word_1_228' title='bbox 427 1767 467 1808; x_wconf 88' lang='lat' dir='ltr'><strong>est</strong></span> <span class='ocrx_word' id='word_1_229' title='bbox 484 1767 537 1816; x_wconf 84' lang='lat' dir='ltr'><strong>tus,</strong></span> <span class='ocrx_word' id='word_1_230' title='bbox 555 1759 675 1823; x_wconf 83' lang='lat' dir='ltr'><strong>Keplere‚</strong></span> <span class='ocrx_word' id='word_1_231' title='bbox 694 1759 827 1814; x_wconf 79' lang='lat' dir='ltr'><strong>sententia.</strong></span> <span class='ocrx_word' id='word_1_232' title='bbox 846 1770 897 1825; x_wconf 84' lang='lat' dir='ltr'><strong>qua</strong></span> <span class='ocrx_word' id='word_1_233' title='bbox 914 1759 1012 1814; x_wconf 87' lang='lat' dir='ltr'><strong>statuis,</strong></span> <span class='ocrx_word' id='word_1_234' title='bbox 1030 1748 1158 1810; x_wconf 76' lang='lat' dir='ltr'><strong>Christum</strong></span> <span class='ocrx_word' id='word_1_235' title='bbox 1176 1754 1334 1804; x_wconf 79' lang='lat' dir='ltr'><strong>salvatorem</strong></span> 
     </span>
     <span class='ocr_line' id='line_1_22' title="bbox 23 1826 1333 1892; baseline -0.002 -18"><span class='ocrx_word' id='word_1_236' title='bbox 23 1835 126 1875; x_wconf 61' lang='lat' dir='ltr'><strong>noenum</strong></span> <span class='ocrx_word' id='word_1_237' title='bbox 145 1829 298 1877; x_wconf 85' lang='lat' dir='ltr'><strong>tricesimum</strong></span> <span class='ocrx_word' id='word_1_238' title='bbox 316 1830 417 1877; x_wconf 85' lang='lat' dir='ltr'><strong>tertium</strong></span> <span class='ocrx_word' id='word_1_239' title='bbox 436 1831 527 1879; x_wconf 87' lang='lat' dir='ltr'><strong>aetatis</strong></span> <span class='ocrx_word' id='word_1_240' title='bbox 546 1844 639 1883; x_wconf 84' lang='lat' dir='ltr'><strong>aunum</strong></span> <span class='ocrx_word' id='word_1_241' title='bbox 659 1828 829 1892; x_wconf 75' lang='lat' dir='ltr'><strong>complevisse,</strong></span> <span class='ocrx_word' id='word_1_242' title='bbox 849 1843 905 1887; x_wconf 69' lang='lat' dir='ltr'><strong>pom</strong></span> <span class='ocrx_word' id='word_1_243' title='bbox 925 1826 1103 1891; x_wconf 74' lang='lat' dir='ltr'><strong>baptizaretur,</strong></span> <span class='ocrx_word' id='word_1_244' title='bbox 1122 1834 1149 1873; x_wconf 87' lang='lat' dir='ltr'><strong>et</strong></span> <span class='ocrx_word' id='word_1_245' title='bbox 1167 1833 1254 1874; x_wconf 84' lang='lat' dir='ltr'><strong>natum</strong></span> <span class='ocrx_word' id='word_1_246' title='bbox 1268 1840 1333 1874; x_wconf 88' lang='lat' dir='ltr'><strong>anno</strong></span> 
     </span>
     <span class='ocr_line' id='line_1_23' title="bbox 23 1895 1332 1965; baseline -0.002 -18"><span class='ocrx_word' id='word_1_247' title='bbox 23 1898 118 1947; x_wconf 78' lang='lat' dir='ltr'><strong>loliano</strong></span> <span class='ocrx_word' id='word_1_248' title='bbox 137 1898 337 1963; x_wconf 75' lang='lat' dir='ltr'><strong>quadragesimo.</strong></span> <span class='ocrx_word' id='word_1_249' title='bbox 374 1899 403 1948; x_wconf 88' lang='lat' dir='ltr'><strong>ld</strong></span> <span class='ocrx_word' id='word_1_250' title='bbox 421 1903 488 1950; x_wconf 85' lang='lat' dir='ltr'><strong>enim</strong></span> <span class='ocrx_word' id='word_1_251' title='bbox 506 1908 604 1965; x_wconf 73' lang='lat' dir='ltr'><strong>pugnat</strong></span> <span class='ocrx_word' id='word_1_252' title='bbox 621 1913 676 1949; x_wconf 87' lang='lat' dir='ltr'><strong>eum</strong></span> <span class='ocrx_word' id='word_1_253' title='bbox 695 1900 861 1963; x_wconf 75' lang='lat' dir='ltr'><strong>Eraugelista·</strong></span> <span class='ocrx_word' id='word_1_254' title='bbox 877 1899 954 1954; x_wconf 73' lang='lat' dir='ltr'><strong>Luca„</strong></span> <span class='ocrx_word' id='word_1_255' title='bbox 973 1913 1028 1946; x_wconf 89' lang='lat' dir='ltr'><strong>cum</strong></span> <span class='ocrx_word' id='word_1_256' title='bbox 1042 1903 1126 1945; x_wconf 89' lang='lat' dir='ltr'><strong>aetate</strong></span> <span class='ocrx_word' id='word_1_257' title='bbox 1139 1895 1257 1953; x_wconf 81' lang='lat' dir='ltr'><strong>Herodis,</strong></span> <span class='ocrx_word' id='word_1_258' title='bbox 1276 1910 1332 1945; x_wconf 83' lang='lat' dir='ltr'><strong>com</strong></span> 
     </span>
     <span class='ocr_line' id='line_1_24' title="bbox 23 1960 1333 2036; baseline -0.002 -20"><span class='ocrx_word' id='word_1_259' title='bbox 23 1971 95 2031; x_wconf 85' lang='lat' dir='ltr'><strong>patio</strong></span> <span class='ocrx_word' id='word_1_260' title='bbox 121 1971 240 2031; x_wconf 88' lang='lat' dir='ltr'><strong>temporis</strong></span> <span class='ocrx_word' id='word_1_261' title='bbox 265 1971 330 2019; x_wconf 87' lang='lat' dir='ltr'><strong>luter</strong></span> <span class='ocrx_word' id='word_1_262' title='bbox 354 1971 459 2034; x_wconf 76' lang='lat' dir='ltr'><strong>eclipsin</strong></span> <span class='ocrx_word' id='word_1_263' title='bbox 484 1978 510 2020; x_wconf 85' lang='lat' dir='ltr'><strong>et</strong></span> <span class='ocrx_word' id='word_1_264' title='bbox 535 1971 637 2036; x_wconf 83' lang='lat' dir='ltr'><strong>pascha.</strong></span> <span class='ocrx_word' id='word_1_265' title='bbox 663 1978 689 2019; x_wconf 90' lang='lat' dir='ltr'><strong>et</strong></span> <span class='ocrx_word' id='word_1_266' title='bbox 714 1964 770 2018; x_wconf 82' lang='lat' dir='ltr'><strong>cunr</strong></span> <span class='ocrx_word' id='word_1_267' title='bbox 795 1960 917 2018; x_wconf 78' lang='lat' dir='ltr'><strong>cohsensu</strong></span> <span class='ocrx_word' id='word_1_268' title='bbox 940 1972 1016 2019; x_wconf 89' lang='lat' dir='ltr'><strong>totins</strong></span> <span class='ocrx_word' id='word_1_269' title='bbox 1041 1967 1174 2019; x_wconf 82' lang='lat' dir='ltr'><strong>ecclesiae.</strong></span> <span class='ocrx_word' id='word_1_270' title='bbox 1211 1967 1237 2015; x_wconf 85' lang='lat' dir='ltr'><strong>Si</strong></span> <span class='ocrx_word' id='word_1_271' title='bbox 1266 1968 1333 2015; x_wconf 86' lang='lat' dir='ltr'><strong>euim</strong></span> 
     </span>
     <span class='ocr_line' id='line_1_25' title="bbox 23 2035 1333 2100; baseline -0.001 -14"><span class='ocrx_word' id='word_1_272' title='bbox 23 2039 130 2087; x_wconf 70' lang='lat' dir='ltr'><strong>{hristm</strong></span> <span class='ocrx_word' id='word_1_273' title='bbox 158 2047 231 2087; x_wconf 87' lang='lat' dir='ltr'><strong>uatus</strong></span> <span class='ocrx_word' id='word_1_274' title='bbox 258 2049 326 2089; x_wconf 77' lang='lat' dir='ltr'><strong>emet</strong></span> <span class='ocrx_word' id='word_1_275' title='bbox 348 2054 414 2090; x_wconf 88' lang='lat' dir='ltr'><strong>anuo</strong></span> <span class='ocrx_word' id='word_1_276' title='bbox 438 2042 480 2091; x_wconf 75' lang='lat'><strong>40.</strong></span> <span class='ocrx_word' id='word_1_277' title='bbox 507 2042 617 2100; x_wconf 76' lang='lat' dir='ltr'><strong>italiam,</strong></span> <span class='ocrx_word' id='word_1_278' title='bbox 642 2048 716 2090; x_wconf 87' lang='lat' dir='ltr'><strong>natus</strong></span> <span class='ocrx_word' id='word_1_279' title='bbox 738 2038 809 2089; x_wconf 76' lang='lat' dir='ltr'><strong>&#39;esset</strong></span> <span class='ocrx_word' id='word_1_280' title='bbox 826 2055 891 2089; x_wconf 87' lang='lat' dir='ltr'><strong>auno</strong></span> <span class='ocrx_word' id='word_1_281' title='bbox 911 2054 986 2089; x_wconf 87' lang='lat' dir='ltr'><strong>aerae</strong></span> <span class='ocrx_word' id='word_1_282' title='bbox 1007 2041 1126 2088; x_wconf 77' lang='lat' dir='ltr'><strong>Actiacae</strong></span> <span class='ocrx_word' id='word_1_283' title='bbox 1145 2039 1264 2087; x_wconf 80' lang='lat' dir='ltr'><strong>victoriae</strong></span> <span class='ocrx_word' id='word_1_284' title='bbox 1288 2035 1333 2093; x_wconf 79' lang='grc'><strong>26,</strong></span> 
     </span>
     <span class='ocr_line' id='line_1_26' title="bbox 23 2107 1334 2177; baseline -0.001 -19"><span class='ocrx_word' id='word_1_285' title='bbox 23 2120 39 2158; x_wconf 80' lang='lat' dir='ltr'><strong>t</strong></span> <span class='ocrx_word' id='word_1_286' title='bbox 61 2124 130 2158; x_wconf 86' lang='lat' dir='ltr'><strong>anno</strong></span> <span class='ocrx_word' id='word_1_287' title='bbox 156 2112 253 2173; x_wconf 87' lang='lat' dir='ltr'><strong>imperii</strong></span> <span class='ocrx_word' id='word_1_288' title='bbox 271 2113 380 2175; x_wconf 71' lang='lat' dir='ltr'><strong>Augusti</strong></span> <span class='ocrx_word' id='word_1_289' title='bbox 398 2110 441 2168; x_wconf 88' lang='grc'><strong>39,</strong></span> <span class='ocrx_word' id='word_1_290' title='bbox 465 2113 530 2176; x_wconf 81' lang='lat' dir='ltr'><strong>quod</strong></span> <span class='ocrx_word' id='word_1_291' title='bbox 548 2124 621 2162; x_wconf 81' lang='lat' dir='ltr'><strong>nemo</strong></span> <span class='ocrx_word' id='word_1_292' title='bbox 639 2126 749 2177; x_wconf 78' lang='lat' dir='ltr'><strong>anquam</strong></span> <span class='ocrx_word' id='word_1_293' title='bbox 767 2113 794 2160; x_wconf 91' lang='lat' dir='ltr'><strong>in</strong></span> <span class='ocrx_word' id='word_1_294' title='bbox 812 2111 921 2161; x_wconf 83' lang='lat' dir='ltr'><strong>ecclesia</strong></span> <span class='ocrx_word' id='word_1_295' title='bbox 938 2112 977 2159; x_wconf 83' lang='lat' dir='ltr'><strong>sel</strong></span> <span class='ocrx_word' id='word_1_296' title='bbox 992 2110 1055 2160; x_wconf 80' lang='lat' dir='ltr'><strong>dixit</strong></span> <span class='ocrx_word' id='word_1_297' title='bbox 1073 2111 1112 2159; x_wconf 87' lang='lat' dir='ltr'><strong>rel</strong></span> <span class='ocrx_word' id='word_1_298' title='bbox 1132 2110 1240 2172; x_wconf 82' lang='lat' dir='ltr'><strong>scripsit</strong></span> <span class='ocrx_word' id='word_1_299' title='bbox 1277 2107 1334 2158; x_wconf 80' lang='lat' dir='ltr'><strong>Non</strong></span> 
     </span>
     <span class='ocr_line' id='line_1_27' title="bbox 23 2179 1335 2248; baseline -0.002 -18"><span class='ocrx_word' id='word_1_300' title='bbox 23 2191 101 2230; x_wconf 74' lang='grc' dir='ltr'><strong>ιαιιιιι</strong></span> <span class='ocrx_word' id='word_1_301' title='bbox 119 2183 209 2229; x_wconf 87' lang='lat' dir='ltr'><strong>mirum</strong></span> <span class='ocrx_word' id='word_1_302' title='bbox 228 2189 275 2239; x_wconf 68' lang='lat' dir='ltr'><strong>est</strong></span> <span class='ocrx_word' id='word_1_303' title='bbox 297 2185 331 2231; x_wconf 91' lang='lat' dir='ltr'><strong>mi</strong></span> <span class='ocrx_word' id='word_1_304' title='bbox 349 2183 469 2248; x_wconf 86' lang='lat' dir='ltr'><strong>Keplere,</strong></span> <span class='ocrx_word' id='word_1_305' title='bbox 492 2192 562 2232; x_wconf 88' lang='lat' dir='ltr'><strong>tnarn</strong></span> <span class='ocrx_word' id='word_1_306' title='bbox 580 2186 722 2247; x_wconf 85' lang='lat' dir='ltr'><strong>opinionem</strong></span> <span class='ocrx_word' id='word_1_307' title='bbox 740 2183 832 2231; x_wconf 84' lang='lat' dir='ltr'><strong>ialsarn</strong></span> <span class='ocrx_word' id='word_1_308' title='bbox 851 2197 915 2239; x_wconf 84' lang='lat' dir='ltr'><strong>esse,</strong></span> <span class='ocrx_word' id='word_1_309' title='bbox 934 2197 990 2231; x_wconf 85' lang='lat' dir='ltr'><strong>eum</strong></span> <span class='ocrx_word' id='word_1_310' title='bbox 1008 2183 1105 2230; x_wconf 84' lang='lat' dir='ltr'><strong>nitatur</strong></span> <span class='ocrx_word' id='word_1_311' title='bbox 1121 2181 1197 2243; x_wconf 87' lang='lat' dir='ltr'><strong>plana</strong></span> <span class='ocrx_word' id='word_1_312' title='bbox 1217 2179 1288 2228; x_wconf 86' lang='lat' dir='ltr'><strong>lalsls</strong></span> <span class='ocrx_word' id='word_1_313' title='bbox 1307 2185 1335 2227; x_wconf 87' lang='lat' dir='ltr'><strong>et</strong></span> 
     </span>
     <span class='ocr_line' id='line_1_28' title="bbox 23 2249 1334 2317; baseline 0.001 -17"><span class='ocrx_word' id='word_1_314' title='bbox 23 2267 30 2300; x_wconf 73' lang='lat' dir='ltr'><strong>l</strong></span> <span class='ocrx_word' id='word_1_315' title='bbox 51 2261 77 2300; x_wconf 86' lang='lat' dir='ltr'><strong>ta</strong></span> <span class='ocrx_word' id='word_1_316' title='bbox 105 2252 217 2301; x_wconf 82' lang='lat' dir='ltr'><strong>condetis</strong></span> <span class='ocrx_word' id='word_1_317' title='bbox 237 2252 428 2316; x_wconf 77' lang='lat' dir='ltr'><strong>hypothesibus.</strong></span> <span class='ocrx_word' id='word_1_318' title='bbox 464 2254 562 2305; x_wconf 70' lang='lat' dir='ltr'><strong>Kollihi</strong></span> <span class='ocrx_word' id='word_1_319' title='bbox 585 2257 652 2305; x_wconf 79' lang='lat' dir='ltr'><strong>enirn</strong></span> <span class='ocrx_word' id='word_1_320' title='bbox 676 2269 777 2304; x_wconf 65' lang='lat' dir='ltr'><strong>”mum</strong></span> <span class='ocrx_word' id='word_1_321' title='bbox 799 2253 845 2302; x_wconf 74' lang='lat' dir='ltr'><strong>rel‘</strong></span> <span class='ocrx_word' id='word_1_322' title='bbox 863 2253 1040 2317; x_wconf 72' lang='lat' dir='ltr'><strong>Erangeliatae</strong></span> <span class='ocrx_word' id='word_1_323' title='bbox 1059 2251 1202 2302; x_wconf 76' lang='lat' dir='ltr'><strong>lmeselrel</strong></span> <span class='ocrx_word' id='word_1_324' title='bbox 1221 2249 1334 2314; x_wconf 73' lang='lat' dir='ltr'><strong>Josaphh</strong></span> 
     </span>
     <span class='ocr_line' id='line_1_29' title="bbox 23 2322 1332 2394; baseline 0.001 -24"><span class='ocrx_word' id='word_1_325' title='bbox 23 2338 90 2386; x_wconf 69' lang='lat' dir='ltr'><strong>[uem</strong></span> <span class='ocrx_word' id='word_1_326' title='bbox 115 2323 193 2372; x_wconf 83' lang='lat' dir='ltr'><strong>rerba</strong></span> <span class='ocrx_word' id='word_1_327' title='bbox 210 2325 356 2387; x_wconf 84' lang='lat' dir='ltr'><strong>simpliciter</strong></span> <span class='ocrx_word' id='word_1_328' title='bbox 373 2326 506 2375; x_wconf 81' lang='lat' dir='ltr'><strong>intellecta</strong></span> <span class='ocrx_word' id='word_1_329' title='bbox 523 2329 639 2390; x_wconf 57' lang='lat' dir='ltr'><strong>gignente</strong></span> <span class='ocrx_word' id='word_1_330' title='bbox 657 2327 778 2390; x_wconf 81' lang='lat' dir='ltr'><strong>aequeris,</strong></span> <span class='ocrx_word' id='word_1_331' title='bbox 799 2325 845 2373; x_wconf 87' lang='lat' dir='ltr'><strong>sed</strong></span> <span class='ocrx_word' id='word_1_332' title='bbox 863 2323 953 2388; x_wconf 83' lang='lat' dir='ltr'><strong>ubique</strong></span> <span class='ocrx_word' id='word_1_333' title='bbox 973 2338 1061 2380; x_wconf 79' lang='lat' dir='ltr'><strong>noram</strong></span> <span class='ocrx_word' id='word_1_334' title='bbox 1076 2324 1232 2371; x_wconf 87' lang='lat' dir='ltr'><strong>sententiam</strong></span> <span class='ocrx_word' id='word_1_335' title='bbox 1250 2322 1332 2394; x_wconf 74' lang='lat' dir='ltr'><strong>nugis,</strong></span> 
     </span>
     <span class='ocr_line' id='line_1_30' title="bbox 23 2390 1335 2458; baseline -0.002 -15"><span class='ocrx_word' id='word_1_336' title='bbox 23 2402 53 2443; x_wconf 81' lang='lat' dir='ltr'><strong>ta</strong></span> <span class='ocrx_word' id='word_1_337' title='bbox 76 2393 149 2456; x_wconf 88' lang='lat' dir='ltr'><strong>apud</strong></span> <span class='ocrx_word' id='word_1_338' title='bbox 171 2395 267 2449; x_wconf 81' lang='lat' dir='ltr'><strong>Lucam</strong></span> <span class='ocrx_word' id='word_1_339' title='bbox 291 2393 333 2445; x_wconf 84' lang='grc'><strong>30.</strong></span> <span class='ocrx_word' id='word_1_340' title='bbox 358 2409 438 2444; x_wconf 90' lang='lat' dir='ltr'><strong>annus</strong></span> <span class='ocrx_word' id='word_1_341' title='bbox 457 2396 550 2447; x_wconf 77' lang='lat' dir='ltr'><strong>Christi</strong></span> <span class='ocrx_word' id='word_1_342' title='bbox 574 2403 614 2447; x_wconf 90' lang='lat' dir='ltr'><strong>est</strong></span> <span class='ocrx_word' id='word_1_343' title='bbox 638 2396 683 2446; x_wconf 89' lang='lat' dir='ltr'><strong>tibi</strong></span> <span class='ocrx_word' id='word_1_344' title='bbox 709 2394 754 2453; x_wconf 87' lang='grc'><strong>33,</strong></span> <span class='ocrx_word' id='word_1_345' title='bbox 777 2397 814 2444; x_wconf 87' lang='lat' dir='ltr'><strong>ita</strong></span> <span class='ocrx_word' id='word_1_346' title='bbox 831 2393 873 2444; x_wconf 90' lang='grc'><strong>33.</strong></span> <span class='ocrx_word' id='word_1_347' title='bbox 892 2396 965 2458; x_wconf 69' lang='lat' dir='ltr'><strong>regni</strong></span> <span class='ocrx_word' id='word_1_348' title='bbox 983 2393 1090 2444; x_wconf 84' lang='lat' dir='ltr'><strong>Herodis</strong></span> <span class='ocrx_word' id='word_1_349' title='bbox 1109 2401 1149 2442; x_wconf 86' lang='lat' dir='ltr'><strong>est</strong></span> <span class='ocrx_word' id='word_1_350' title='bbox 1166 2391 1214 2442; x_wconf 91' lang='lat' dir='ltr'><strong>tihl</strong></span> <span class='ocrx_word' id='word_1_351' title='bbox 1230 2390 1278 2443; x_wconf 76' lang='lat'><strong>34:</strong></span> <span class='ocrx_word' id='word_1_352' title='bbox 1298 2395 1335 2441; x_wconf 86' lang='lat' dir='ltr'><strong>ita</strong></span> 
     </span>
     <span class='ocr_line' id='line_1_31' title="bbox 23 2463 1336 2533; baseline -0.002 -20"><span class='ocrx_word' id='word_1_353' title='bbox 23 2463 55 2513; x_wconf 78' lang='lat' dir='ltr'><strong>i&#39;s&#39;.</strong></span> <span class='ocrx_word' id='word_1_354' title='bbox 84 2467 167 2533; x_wconf 66' lang='lat' dir='ltr'><strong>inplens</strong></span> <span class='ocrx_word' id='word_1_355' title='bbox 193 2468 284 2515; x_wconf 80' lang='lat' dir='ltr'><strong>aetatis</strong></span> <span class='ocrx_word' id='word_1_356' title='bbox 310 2466 418 2527; x_wconf 82' lang='lat' dir='ltr'><strong>Herodis</strong></span> <span class='ocrx_word' id='word_1_357' title='bbox 442 2474 483 2516; x_wconf 84' lang='lat' dir='ltr'><strong>est</strong></span> <span class='ocrx_word' id='word_1_358' title='bbox 507 2468 553 2518; x_wconf 90' lang='lat' dir='ltr'><strong>tihi</strong></span> <span class='ocrx_word' id='word_1_359' title='bbox 579 2463 621 2518; x_wconf 84' lang='grc'><strong>70.</strong></span> <span class='ocrx_word' id='word_1_360' title='bbox 646 2467 698 2516; x_wconf 88' lang='lat' dir='ltr'><strong>lere</strong></span> <span class='ocrx_word' id='word_1_361' title='bbox 725 2467 874 2530; x_wconf 79' lang='lat' dir='ltr'><strong>completus:</strong></span> <span class='ocrx_word' id='word_1_362' title='bbox 900 2468 937 2515; x_wconf 89' lang='lat' dir='ltr'><strong>ita</strong></span> <span class='ocrx_word' id='word_1_363' title='bbox 959 2478 1023 2529; x_wconf 89' lang='lat' dir='ltr'><strong>quae</strong></span> <span class='ocrx_word' id='word_1_364' title='bbox 1042 2465 1161 2514; x_wconf 86' lang='lat' dir='ltr'><strong>trimestri</strong></span> <span class='ocrx_word' id='word_1_365' title='bbox 1180 2464 1261 2526; x_wconf 86' lang='lat' dir='ltr'><strong>spatio</strong></span> <span class='ocrx_word' id='word_1_366' title='bbox 1278 2472 1336 2526; x_wconf 89' lang='lat' dir='ltr'><strong>post</strong></span> 
     </span>
     <span class='ocr_line' id='line_1_32' title="bbox 23 2535 1335 2602; baseline -0.001 -19"><span class='ocrx_word' id='word_1_367' title='bbox 23 2537 124 2598; x_wconf 70' lang='lat' dir='ltr'><strong>eclipsin</strong></span> <span class='ocrx_word' id='word_1_368' title='bbox 151 2536 275 2584; x_wconf 82' lang='lat' dir='ltr'><strong>Lunarem</strong></span> <span class='ocrx_word' id='word_1_369' title='bbox 300 2538 339 2586; x_wconf 85' lang='lat' dir='ltr'><strong>rix</strong></span> <span class='ocrx_word' id='word_1_370' title='bbox 363 2539 416 2602; x_wconf 73' lang='lat' dir='ltr'><strong>geri</strong></span> <span class='ocrx_word' id='word_1_371' title='bbox 441 2545 583 2602; x_wconf 79' lang='lat' dir='ltr'><strong>potuerunt,</strong></span> <span class='ocrx_word' id='word_1_372' title='bbox 608 2540 634 2587; x_wconf 90' lang='lat' dir='ltr'><strong>in</strong></span> <span class='ocrx_word' id='word_1_373' title='bbox 658 2553 735 2587; x_wconf 81' lang='lat' dir='ltr'><strong>unam</strong></span> <span class='ocrx_word' id='word_1_374' title='bbox 758 2551 871 2586; x_wconf 91' lang='lat' dir='ltr'><strong>mensem</strong></span> <span class='ocrx_word' id='word_1_375' title='bbox 896 2535 1030 2593; x_wconf 75' lang='lat' dir='ltr'><strong>contrahis,</strong></span> <span class='ocrx_word' id='word_1_376' title='bbox 1056 2543 1131 2598; x_wconf 87' lang='lat' dir='ltr'><strong>atque</strong></span> <span class='ocrx_word' id='word_1_377' title='bbox 1156 2535 1241 2583; x_wconf 79' lang='lat' dir='ltr'><strong>itaer</strong></span> <span class='ocrx_word' id='word_1_378' title='bbox 1259 2535 1335 2583; x_wconf 88' lang='lat' dir='ltr'><strong>meris</strong></span> 
     </span>
     <span class='ocr_line' id='line_1_33' title="bbox 22 2596 1335 2668; baseline 0 -14"><span class='ocrx_word' id='word_1_379' title='bbox 22 2617 45 2654; x_wconf 63' lang='lat' dir='ltr'><strong>et&gt;</strong></span> <span class='ocrx_word' id='word_1_380' title='bbox 69 2607 138 2654; x_wconf 87' lang='lat' dir='ltr'><strong>lictis</strong></span> <span class='ocrx_word' id='word_1_381' title='bbox 172 2609 319 2668; x_wconf 74' lang='lat' dir='ltr'><strong>coniecturis</strong></span> <span class='ocrx_word' id='word_1_382' title='bbox 344 2622 430 2658; x_wconf 85' lang='lat' dir='ltr'><strong>rerum</strong></span> <span class='ocrx_word' id='word_1_383' title='bbox 455 2622 548 2659; x_wconf 87' lang='lat' dir='ltr'><strong>anunm</strong></span> <span class='ocrx_word' id='word_1_384' title='bbox 572 2611 711 2658; x_wconf 82' lang='lat' dir='ltr'><strong>nativitatis</strong></span> <span class='ocrx_word' id='word_1_385' title='bbox 736 2596 830 2659; x_wconf 75' lang='lat' dir='ltr'><strong>Christi</strong></span> <span class='ocrx_word' id='word_1_386' title='bbox 856 2621 943 2655; x_wconf 89' lang='lat' dir='ltr'><strong>eruere</strong></span> <span class='ocrx_word' id='word_1_387' title='bbox 970 2601 1075 2662; x_wconf 80' lang='lat' dir='ltr'><strong>conaris,</strong></span> <span class='ocrx_word' id='word_1_388' title='bbox 1100 2605 1126 2657; x_wconf 90' lang='lat' dir='ltr'><strong>ld</strong></span> <span class='ocrx_word' id='word_1_389' title='bbox 1149 2603 1213 2668; x_wconf 89' lang='lat' dir='ltr'><strong>qood</strong></span> <span class='ocrx_word' id='word_1_390' title='bbox 1237 2619 1335 2654; x_wconf 85' lang='lat' dir='ltr'><strong>mecum</strong></span> 
     </span>
     <span class='ocr_line' id='line_1_34' title="bbox 22 2676 1334 2744; baseline -0.001 -19"><span class='ocrx_word' id='word_1_391' title='bbox 22 2676 164 2728; x_wconf 72' lang='lat' dir='ltr'><strong>aestuatus</strong></span> <span class='ocrx_word' id='word_1_392' title='bbox 195 2691 296 2735; x_wconf 84' lang='lat' dir='ltr'><strong>omnes,</strong></span> <span class='ocrx_word' id='word_1_393' title='bbox 326 2680 368 2743; x_wconf 87' lang='lat' dir='ltr'><strong>qui</strong></span> <span class='ocrx_word' id='word_1_394' title='bbox 397 2679 534 2744; x_wconf 84' lang='lat' dir='ltr'><strong>Josephum</strong></span> <span class='ocrx_word' id='word_1_395' title='bbox 564 2688 591 2729; x_wconf 88' lang='lat' dir='ltr'><strong>et</strong></span> <span class='ocrx_word' id='word_1_396' title='bbox 613 2680 675 2729; x_wconf 87' lang='lat' dir='ltr'><strong>alios</strong></span> <span class='ocrx_word' id='word_1_397' title='bbox 700 2679 829 2728; x_wconf 88' lang='lat' dir='ltr'><strong>historicos</strong></span> <span class='ocrx_word' id='word_1_398' title='bbox 853 2679 939 2742; x_wconf 78' lang='lat' dir='ltr'><strong>legere</strong></span> <span class='ocrx_word' id='word_1_399' title='bbox 968 2685 995 2726; x_wconf 88' lang='lat' dir='ltr'><strong>et</strong></span> <span class='ocrx_word' id='word_1_400' title='bbox 1019 2683 1157 2725; x_wconf 82' lang='lat' dir='ltr'><strong>momenta.</strong></span> <span class='ocrx_word' id='word_1_401' title='bbox 1170 2689 1253 2723; x_wconf 90' lang='lat' dir='ltr'><strong>rerum</strong></span> <span class='ocrx_word' id='word_1_402' title='bbox 1278 2689 1334 2739; x_wconf 86' lang='lat' dir='ltr'><strong>per·</strong></span> 
     </span>
     <span class='ocr_line' id='line_1_35' title="bbox 22 2744 1335 2815; baseline 0 -20"><span class='ocrx_word' id='word_1_403' title='bbox 22 2748 127 2796; x_wconf 73' lang='lat' dir='ltr'><strong>studere</strong></span> <span class='ocrx_word' id='word_1_404' title='bbox 148 2747 281 2797; x_wconf 75' lang='lat' dir='ltr'><strong>soluerint</strong></span> <span class='ocrx_word' id='word_1_405' title='bbox 319 2749 369 2799; x_wconf 86' lang='lat' dir='ltr'><strong>Sed</strong></span> <span class='ocrx_word' id='word_1_406' title='bbox 393 2751 469 2800; x_wconf 80' lang='lat' dir='ltr'><strong>linem</strong></span> <span class='ocrx_word' id='word_1_407' title='bbox 493 2753 558 2801; x_wconf 81' lang='lat' dir='ltr'><strong>facio</strong></span> <span class='ocrx_word' id='word_1_408' title='bbox 583 2752 656 2815; x_wconf 78' lang='lat' dir='ltr'><strong>hujus</strong></span> <span class='ocrx_word' id='word_1_409' title='bbox 681 2749 960 2812; x_wconf 72' lang='lat' dir='ltr'><strong>commentatiunculae,</strong></span> <span class='ocrx_word' id='word_1_410' title='bbox 983 2761 1058 2812; x_wconf 87' lang='lat' dir='ltr'><strong>qoam</strong></span> <span class='ocrx_word' id='word_1_411' title='bbox 1083 2747 1148 2796; x_wconf 88' lang='lat' dir='ltr'><strong>alias</strong></span> <span class='ocrx_word' id='word_1_412' title='bbox 1173 2744 1335 2803; x_wconf 66' lang='lat' dir='ltr'><strong>distulissem</strong></span> 
     </span>
     <span class='ocr_line' id='line_1_36' title="bbox 22 2813 1335 2884; baseline -0.002 -17"><span class='ocrx_word' id='word_1_413' title='bbox 22 2834 95 2883; x_wconf 80' lang='lat' dir='ltr'><strong>usqne</strong></span> <span class='ocrx_word' id='word_1_414' title='bbox 120 2819 179 2868; x_wconf 83' lang='lat' dir='ltr'><strong>dum</strong></span> <span class='ocrx_word' id='word_1_415' title='bbox 205 2813 398 2884; x_wconf 72' lang='lat' dir='ltr'><strong>Ghronologlsm</strong></span> <span class='ocrx_word' id='word_1_416' title='bbox 419 2824 473 2884; x_wconf 82' lang='lat' dir='ltr'><strong>jam</strong></span> <span class='ocrx_word' id='word_1_417' title='bbox 496 2824 542 2871; x_wconf 88' lang='lat' dir='ltr'><strong>suh</strong></span> <span class='ocrx_word' id='word_1_418' title='bbox 568 2822 685 2871; x_wconf 81' lang='lat' dir='ltr'><strong>incudem</strong></span> <span class='ocrx_word' id='word_1_419' title='bbox 709 2828 852 2870; x_wconf 83' lang='lat' dir='ltr'><strong>revocatam</strong></span> <span class='ocrx_word' id='word_1_420' title='bbox 877 2819 1019 2876; x_wconf 78' lang='lat' dir='ltr'><strong>emdusem,</strong></span> <span class='ocrx_word' id='word_1_421' title='bbox 1042 2819 1091 2868; x_wconf 89' lang='lat' dir='ltr'><strong>nisi</strong></span> <span class='ocrx_word' id='word_1_422' title='bbox 1110 2831 1126 2866; x_wconf 89' lang='lat' dir='ltr'><strong>a</strong></span> <span class='ocrx_word' id='word_1_423' title='bbox 1144 2823 1170 2866; x_wconf 88' lang='lat' dir='ltr'><strong>te</strong></span> <span class='ocrx_word' id='word_1_424' title='bbox 1188 2824 1335 2880; x_wconf 79' lang='lat' dir='ltr'><strong>provocatus</strong></span> 
     </span>
     <span class='ocr_line' id='line_1_37' title="bbox 22 2887 1336 2958; baseline -0.002 -19"><span class='ocrx_word' id='word_1_425' title='bbox 22 2891 129 2939; x_wconf 72' lang='lat' dir='ltr'><strong>mosen.</strong></span> <span class='ocrx_word' id='word_1_426' title='bbox 166 2889 238 2939; x_wconf 80' lang='lat' dir='ltr'><strong>ilaue</strong></span> <span class='ocrx_word' id='word_1_427' title='bbox 262 2900 348 2943; x_wconf 82' lang='lat' dir='ltr'><strong>autem</strong></span> <span class='ocrx_word' id='word_1_428' title='bbox 372 2905 454 2942; x_wconf 83' lang='lat' dir='ltr'><strong>means</strong></span> <span class='ocrx_word' id='word_1_429' title='bbox 479 2908 581 2958; x_wconf 85' lang='lat' dir='ltr'><strong>operam</strong></span> <span class='ocrx_word' id='word_1_430' title='bbox 605 2907 677 2957; x_wconf 87' lang='lat' dir='ltr'><strong>spem</strong></span> <span class='ocrx_word' id='word_1_431' title='bbox 703 2893 840 2948; x_wconf 59' lang='lat' dir='ltr'><strong>ecclesiane</strong></span> <span class='ocrx_word' id='word_1_432' title='bbox 864 2904 927 2955; x_wconf 85' lang='lat' dir='ltr'><strong>quae</strong></span> <span class='ocrx_word' id='word_1_433' title='bbox 953 2890 1002 2939; x_wconf 85' lang='lat' dir='ltr'><strong>hae</strong></span> <span class='ocrx_word' id='word_1_434' title='bbox 1026 2896 1072 2938; x_wconf 89' lang='lat' dir='ltr'><strong>toa</strong></span> <span class='ocrx_word' id='word_1_435' title='bbox 1094 2902 1159 2937; x_wconf 89' lang='lat' dir='ltr'><strong>nora</strong></span> <span class='ocrx_word' id='word_1_436' title='bbox 1182 2896 1209 2937; x_wconf 86' lang='lat' dir='ltr'><strong>et</strong></span> <span class='ocrx_word' id='word_1_437' title='bbox 1227 2887 1336 2938; x_wconf 87' lang='lat' dir='ltr'><strong>absurda</strong></span> 
     </span>
     <span class='ocr_line' id='line_1_38' title="bbox 22 2960 1333 3025; baseline -0.002 -17"><span class='ocrx_word' id='word_1_438' title='bbox 22 2963 132 3024; x_wconf 76' lang='lat' dir='ltr'><strong>spinione</strong></span> <span class='ocrx_word' id='word_1_439' title='bbox 158 2976 207 3009; x_wconf 88' lang='lat' dir='ltr'><strong>non</strong></span> <span class='ocrx_word' id='word_1_440' title='bbox 230 2961 388 3025; x_wconf 84' lang='lat' dir='ltr'><strong>mediocriter</strong></span> <span class='ocrx_word' id='word_1_441' title='bbox 403 2965 516 3022; x_wconf 52' lang='lat' dir='ltr'><strong>,turbata</strong></span> <span class='ocrx_word' id='word_1_442' title='bbox 540 2971 587 3021; x_wconf 82' lang='lat' dir='ltr'><strong>ast.</strong></span> <span class='ocrx_word' id='word_1_443' title='bbox 611 2964 700 3013; x_wconf 82' lang='lat' dir='ltr'><strong>utilem</strong></span> <span class='ocrx_word' id='word_1_444' title='bbox 718 2963 779 3020; x_wconf 83' lang='lat' dir='ltr'><strong>iore,</strong></span> <span class='ocrx_word' id='word_1_445' title='bbox 804 2970 830 3011; x_wconf 87' lang='lat' dir='ltr'><strong>et</strong></span> <span class='ocrx_word' id='word_1_446' title='bbox 849 2961 953 3012; x_wconf 75' lang='lat' dir='ltr'><strong>fortasse</strong></span> <span class='ocrx_word' id='word_1_447' title='bbox 973 2963 1050 3010; x_wconf 69' lang='lat' dir='ltr'><strong>edam</strong></span> <span class='ocrx_word' id='word_1_448' title='bbox 1068 2961 1114 3009; x_wconf 87' lang='lat' dir='ltr'><strong>tibi</strong></span> <span class='ocrx_word' id='word_1_449' title='bbox 1132 2975 1182 3008; x_wconf 89' lang='lat' dir='ltr'><strong>non</strong></span> <span class='ocrx_word' id='word_1_450' title='bbox 1200 2960 1333 3023; x_wconf 74' lang='lat' dir='ltr'><strong>ingratam.</strong></span> 
     </span>
     <span class='ocr_line' id='line_1_39' title="bbox 22 3030 1334 3099; baseline 0 -21"><span class='ocrx_word' id='word_1_451' title='bbox 22 3033 91 3088; x_wconf 76' lang='lat' dir='ltr'><strong>lale,</strong></span> <span class='ocrx_word' id='word_1_452' title='bbox 105 3032 207 3094; x_wconf 86' lang='lat' dir='ltr'><strong>Lipsiae</strong></span> <span class='ocrx_word' id='word_1_453' title='bbox 220 3032 275 3080; x_wconf 87' lang='lat' dir='ltr'><strong>Cal.</strong></span> <span class='ocrx_word' id='word_1_454' title='bbox 290 3032 345 3081; x_wconf 81' lang='lat' dir='ltr'><strong>Oct</strong></span> <span class='ocrx_word' id='word_1_455' title='bbox 358 3047 423 3082; x_wconf 90' lang='lat' dir='ltr'><strong>anuo</strong></span> <span class='ocrx_word' id='word_1_456' title='bbox 437 3048 512 3085; x_wconf 83' lang='lat' dir='ltr'><strong>aerae</strong></span> <span class='ocrx_word' id='word_1_457' title='bbox 525 3035 684 3085; x_wconf 74' lang='lat' dir='ltr'><strong>Christianae</strong></span> <span class='ocrx_word' id='word_1_458' title='bbox 699 3031 774 3090; x_wconf 87' lang='grc'>1613,</span> <span class='ocrx_word' id='word_1_459' title='bbox 788 3035 829 3099; x_wconf 81' lang='lat' dir='ltr'><strong>quui</strong></span> <span class='ocrx_word' id='word_1_460' title='bbox 842 3040 882 3091; x_wconf 84' lang='lat' dir='ltr'><strong>est</strong></span> <span class='ocrx_word' id='word_1_461' title='bbox 893 3045 909 3080; x_wconf 89' lang='lat' dir='ltr'><strong>a</strong></span> <span class='ocrx_word' id='word_1_462' title='bbox 922 3034 1053 3082; x_wconf 75' lang='lat' dir='ltr'><strong>nativitate</strong></span> <span class='ocrx_word' id='word_1_463' title='bbox 1065 3031 1159 3081; x_wconf 85' lang='lat' dir='ltr'><strong>Christi</strong></span> <span class='ocrx_word' id='word_1_464' title='bbox 1172 3044 1252 3079; x_wconf 87' lang='lat' dir='ltr'><strong>annus</strong></span> <span class='ocrx_word' id='word_1_465' title='bbox 1268 3030 1334 3079; x_wconf 78' lang='grc'>1615</span> 
     </span>
     <span class='ocr_line' id='line_1_40' title="bbox 22 3101 1178 3179; baseline 0.002 -29"><span class='ocrx_word' id='word_1_466' title='bbox 22 3111 41 3150; x_wconf 74' lang='lat' dir='ltr'><strong>st</strong></span> <span class='ocrx_word' id='word_1_467' title='bbox 59 3114 220 3179; x_wconf 61' lang='lat' dir='ltr'><strong>nequequam</strong></span> <span class='ocrx_word' id='word_1_468' title='bbox 242 3102 317 3160; x_wconf 86' lang='grc'>1618,</span> <span class='ocrx_word' id='word_1_469' title='bbox 336 3112 365 3153; x_wconf 87' lang='lat' dir='ltr'><strong>ut</strong></span> <span class='ocrx_word' id='word_1_470' title='bbox 382 3112 410 3153; x_wconf 87' lang='lat' dir='ltr'><strong>tu</strong></span> <span class='ocrx_word' id='word_1_471' title='bbox 429 3107 547 3171; x_wconf 87' lang='lat' dir='ltr'><strong>opinaris.</strong></span> <span class='ocrx_word' id='word_1_472' title='bbox 717 3101 721 3111; x_wconf 94' lang='lat'><em>&#39;</em></span> <span class='ocrx_word' id='word_1_473' title='bbox 1175 3147 1178 3152; x_wconf 88' lang='lat'><em>.</em></span> 
     </span>
     <span class='ocr_line' id='line_1_41' title="bbox 510 3171 1122 3228; baseline -0.005 -4"><span class='ocrx_word' id='word_1_474' title='bbox 510 3171 513 3178; x_wconf 82' lang='grc'><strong><em>’</em></strong></span> <span class='ocrx_word' id='word_1_475' title='bbox 879 3172 970 3228; x_wconf 84' lang='lat' dir='ltr'><strong>Sethrrs</strong></span> <span class='ocrx_word' id='word_1_476' title='bbox 990 3171 1122 3222; x_wconf 77' lang='lat' dir='ltr'><strong>Calvisius.</strong></span> 
     </span>
    </p>
   </div>
   <div class='ocr_carea' id='block_1_3' title="bbox 23 3246 1335 3419">
    <p class='ocr_par' dir='ltr' id='par_1_5' title="bbox 23 3246 1335 3419">
     <span class='ocr_line' id='line_1_42' title="bbox 105 3246 1335 3346; baseline -0.001 -17"><span class='ocrx_word' id='word_1_477' title='bbox 105 3273 152 3342; x_wconf 74' lang='lat'><strong>27)</strong></span> <span class='ocrx_word' id='word_1_478' title='bbox 171 3297 195 3344; x_wconf 92' lang='lat' dir='ltr'><strong>p.</strong></span> <span class='ocrx_word' id='word_1_479' title='bbox 214 3275 274 3336; x_wconf 79' lang='lat'><strong>297.</strong></span> <span class='ocrx_word' id='word_1_480' title='bbox 307 3281 386 3331; x_wconf 70' lang='lat' dir='ltr'><strong>ilaue</strong></span> <span class='ocrx_word' id='word_1_481' title='bbox 409 3246 567 3345; x_wconf 63' lang='lat' dir='ltr'><strong>sementiam¹</strong></span> <span class='ocrx_word' id='word_1_482' title='bbox 585 3294 677 3346; x_wconf 76' lang='lat' dir='ltr'><strong>magno</strong></span> <span class='ocrx_word' id='word_1_483' title='bbox 701 3278 828 3330; x_wconf 71' lang='lat' dir='ltr'><strong>dootdnae</strong></span> <span class='ocrx_word' id='word_1_484' title='bbox 853 3288 978 3343; x_wconf 82' lang='lat' dir='ltr'><strong>apparatu</strong></span> <span class='ocrx_word' id='word_1_485' title='bbox 1002 3278 1115 3329; x_wconf 83' lang='lat' dir='ltr'><strong>defendit</strong></span> <span class='ocrx_word' id='word_1_486' title='bbox 1138 3279 1283 3329; x_wconf 72' lang='lat' dir='ltr'><strong>Harsartus</strong></span> <span class='ocrx_word' id='word_1_487' title='bbox 1309 3280 1335 3328; x_wconf 90' lang='lat' dir='ltr'><strong>in</strong></span> 
     </span>
     <span class='ocr_line' id='line_1_43' title="bbox 23 3347 1176 3419; baseline -0.002 -17"><span class='ocrx_word' id='word_1_488' title='bbox 23 3349 81 3419; x_wconf 75' lang='lat' dir='ltr'><strong>ihro&#39;</strong></span> <span class='ocrx_word' id='word_1_489' title='bbox 97 3367 154 3409; x_wconf 84' lang='lat' dir='ltr'><strong>suo,</strong></span> <span class='ocrx_word' id='word_1_490' title='bbox 172 3367 246 3416; x_wconf 88' lang='lat' dir='ltr'><strong>qoem</strong></span> <span class='ocrx_word' id='word_1_491' title='bbox 264 3366 342 3416; x_wconf 89' lang='lat' dir='ltr'><strong>supra</strong></span> <span class='ocrx_word' id='word_1_492' title='bbox 359 3353 473 3410; x_wconf 80' lang='lat' dir='ltr'><strong>diximus,</strong></span> <span class='ocrx_word' id='word_1_493' title='bbox 493 3353 666 3417; x_wconf 75' lang='lat' dir='ltr'><strong>chronologico</strong></span> <span class='ocrx_word' id='word_1_494' title='bbox 685 3348 740 3413; x_wconf 80' lang='lat' dir='ltr'><strong>(pir.</strong></span> <span class='ocrx_word' id='word_1_495' title='bbox 759 3351 890 3400; x_wconf 83' lang='lat' dir='ltr'><strong>Maestliui</strong></span> <span class='ocrx_word' id='word_1_496' title='bbox 907 3353 993 3401; x_wconf 82' lang='lat' dir='ltr'><strong>literas</strong></span> <span class='ocrx_word' id='word_1_497' title='bbox 1012 3350 1054 3399; x_wconf 87' lang='lat' dir='ltr'><strong>iol.</strong></span> <span class='ocrx_word' id='word_1_498' title='bbox 1076 3350 1126 3399; x_wconf 77' lang='lat'><strong>12⁰</strong></span> <span class='ocrx_word' id='word_1_499' title='bbox 1143 3347 1176 3413; x_wconf 88' lang='lat' dir='ltr'><strong>s.)</strong></span> 
     </span>
    </p>
   </div>
   <div class='ocr_carea' id='block_1_4' title="bbox 22 3439 1346 3788">
    <p class='ocr_par' dir='ltr' id='par_1_6' title="bbox 22 3439 1346 3788">
     <span class='ocr_line' id='line_1_44' title="bbox 104 3439 1334 3505; baseline 0 -16"><span class='ocrx_word' id='word_1_500' title='bbox 104 3440 152 3502; x_wconf 82' lang='lat'><strong>28)</strong></span> <span class='ocrx_word' id='word_1_501' title='bbox 171 3457 204 3504; x_wconf 63' lang='lat' dir='ltr'><strong>p..</strong></span> <span class='ocrx_word' id='word_1_502' title='bbox 214 3439 274 3490; x_wconf 87' lang='grc'><strong>303.</strong></span> <span class='ocrx_word' id='word_1_503' title='bbox 312 3441 437 3491; x_wconf 79' lang='lat' dir='ltr'><strong>Galrisius</strong></span> <span class='ocrx_word' id='word_1_504' title='bbox 455 3440 561 3505; x_wconf 86' lang='lat' dir='ltr'><strong>probare</strong></span> <span class='ocrx_word' id='word_1_505' title='bbox 581 3449 693 3497; x_wconf 82' lang='lat' dir='ltr'><strong>conatos,</strong></span> <span class='ocrx_word' id='word_1_506' title='bbox 711 3440 848 3503; x_wconf 86' lang='lat' dir='ltr'><strong>Josephnm</strong></span> <span class='ocrx_word' id='word_1_507' title='bbox 866 3454 944 3489; x_wconf 85' lang='lat' dir='ltr'><strong>anuos</strong></span> <span class='ocrx_word' id='word_1_508' title='bbox 962 3441 1050 3505; x_wconf 86' lang='lat' dir='ltr'><strong>templi</strong></span> <span class='ocrx_word' id='word_1_509' title='bbox 1068 3441 1201 3490; x_wconf 87' lang='lat' dir='ltr'><strong>instaurati</strong></span> <span class='ocrx_word' id='word_1_510' title='bbox 1220 3448 1247 3489; x_wconf 90' lang='lat' dir='ltr'><strong>et</strong></span> <span class='ocrx_word' id='word_1_511' title='bbox 1264 3440 1334 3490; x_wconf 86' lang='lat' dir='ltr'><strong>dedi-</strong></span> 
     </span>
     <span class='ocr_line' id='line_1_45' title="bbox 22 3510 1336 3576; baseline -0.002 -13"><span class='ocrx_word' id='word_1_512' title='bbox 22 3522 89 3563; x_wconf 68' lang='lat' dir='ltr'><strong>ntae</strong></span> <span class='ocrx_word' id='word_1_513' title='bbox 110 3513 252 3576; x_wconf 71' lang='lat' dir='ltr'><strong>Caesareae</strong></span> <span class='ocrx_word' id='word_1_514' title='bbox 272 3527 388 3562; x_wconf 85' lang='lat' dir='ltr'><strong>ermneos</strong></span> <span class='ocrx_word' id='word_1_515' title='bbox 406 3513 521 3575; x_wconf 82' lang='lat' dir='ltr'><strong>prodere.</strong></span> <span class='ocrx_word' id='word_1_516' title='bbox 541 3512 622 3561; x_wconf 90' lang='lat' dir='ltr'><strong>addit:</strong></span> <span class='ocrx_word' id='word_1_517' title='bbox 642 3512 725 3576; x_wconf 81' lang='lat' dir='ltr'><strong>Atque</strong></span> <span class='ocrx_word' id='word_1_518' title='bbox 744 3511 790 3559; x_wconf 87' lang='lat' dir='ltr'><strong>hoc</strong></span> <span class='ocrx_word' id='word_1_519' title='bbox 809 3518 849 3559; x_wconf 87' lang='lat' dir='ltr'><strong>est</strong></span> <span class='ocrx_word' id='word_1_520' title='bbox 866 3512 964 3576; x_wconf 73' lang='lat' dir='ltr'><strong>insigne</strong></span> <span class='ocrx_word' id='word_1_521' title='bbox 984 3510 1047 3560; x_wconf 88' lang='lat' dir='ltr'><strong>illud</strong></span> <span class='ocrx_word' id='word_1_522' title='bbox 1065 3513 1091 3560; x_wconf 89' lang='lat' dir='ltr'><strong>in</strong></span> <span class='ocrx_word' id='word_1_523' title='bbox 1110 3511 1213 3575; x_wconf 83' lang='lat' dir='ltr'><strong>Josephi</strong></span> <span class='ocrx_word' id='word_1_524' title='bbox 1230 3511 1336 3561; x_wconf 86' lang='lat' dir='ltr'><strong>historia</strong></span> 
     </span>
     <span class='ocr_line' id='line_1_46' title="bbox 22 3582 1346 3647; baseline -0.002 -15"><span class='ocrx_word' id='word_1_525' title='bbox 22 3583 146 3640; x_wconf 85' lang='lat' dir='ltr'><strong>neudum,</strong></span> <span class='ocrx_word' id='word_1_526' title='bbox 171 3582 236 3647; x_wconf 89' lang='lat' dir='ltr'><strong>quod</strong></span> <span class='ocrx_word' id='word_1_527' title='bbox 260 3584 341 3647; x_wconf 79' lang='lat' dir='ltr'><strong>ipsum</strong></span> <span class='ocrx_word' id='word_1_528' title='bbox 367 3584 423 3632; x_wconf 79' lang='lat' dir='ltr'><strong>lere</strong></span> <span class='ocrx_word' id='word_1_529' title='bbox 447 3584 565 3632; x_wconf 79' lang='lat' dir='ltr'><strong>infamem</strong></span> <span class='ocrx_word' id='word_1_530' title='bbox 590 3582 651 3630; x_wconf 84' lang='lat' dir='ltr'><strong>lecit</strong></span> <span class='ocrx_word' id='word_1_531' title='bbox 675 3590 701 3630; x_wconf 89' lang='lat' dir='ltr'><strong>et</strong></span> <span class='ocrx_word' id='word_1_532' title='bbox 724 3596 822 3629; x_wconf 89' lang='lat' dir='ltr'><strong>omnem</strong></span> <span class='ocrx_word' id='word_1_533' title='bbox 842 3582 889 3644; x_wconf 87' lang='lat' dir='ltr'><strong>ipsi</strong></span> <span class='ocrx_word' id='word_1_534' title='bbox 908 3583 982 3631; x_wconf 87' lang='lat' dir='ltr'><strong>iidem</strong></span> <span class='ocrx_word' id='word_1_535' title='bbox 1001 3582 1069 3645; x_wconf 89' lang='lat' dir='ltr'><strong>apud</strong></span> <span class='ocrx_word' id='word_1_536' title='bbox 1087 3584 1178 3632; x_wconf 87' lang='lat' dir='ltr'><strong>multos</strong></span> <span class='ocrx_word' id='word_1_537' title='bbox 1197 3583 1346 3646; x_wconf 69' lang='lat' dir='ltr'><strong>derogarit</strong></span> 
     </span>
     <span class='ocr_line' id='line_1_47' title="bbox 22 3650 1334 3717; baseline -0.002 -15"><span class='ocrx_word' id='word_1_538' title='bbox 22 3655 69 3702; x_wconf 81' lang='lat' dir='ltr'><strong>lloe</strong></span> <span class='ocrx_word' id='word_1_539' title='bbox 89 3653 181 3702; x_wconf 85' lang='lat' dir='ltr'><strong>mendo</strong></span> <span class='ocrx_word' id='word_1_540' title='bbox 200 3653 275 3702; x_wconf 89' lang='lat' dir='ltr'><strong>libros</strong></span> <span class='ocrx_word' id='word_1_541' title='bbox 294 3669 351 3703; x_wconf 88' lang='lat' dir='ltr'><strong>suos</strong></span> <span class='ocrx_word' id='word_1_542' title='bbox 371 3653 564 3703; x_wconf 74' lang='lat' dir='ltr'><strong>commacularit</strong></span> <span class='ocrx_word' id='word_1_543' title='bbox 583 3661 759 3715; x_wconf 84' lang='lat' dir='ltr'><strong>suspectosque</strong></span> <span class='ocrx_word' id='word_1_544' title='bbox 772 3650 879 3699; x_wconf 85' lang='lat' dir='ltr'><strong>reddidit</strong></span> <span class='ocrx_word' id='word_1_545' title='bbox 892 3662 1029 3702; x_wconf 76' lang='lat' dir='ltr'><strong>etecusam</strong></span> <span class='ocrx_word' id='word_1_546' title='bbox 1043 3653 1169 3717; x_wconf 78' lang='lat' dir='ltr'><strong>praebuit,</strong></span> <span class='ocrx_word' id='word_1_547' title='bbox 1188 3664 1216 3701; x_wconf 90' lang='lat' dir='ltr'><strong>ut</strong></span> <span class='ocrx_word' id='word_1_548' title='bbox 1227 3653 1334 3702; x_wconf 85' lang='lat' dir='ltr'><strong>Herodis</strong></span> 
     </span>
     <span class='ocr_line' id='line_1_48' title="bbox 24 3718 1181 3788; baseline -0.001 -14"><span class='ocrx_word' id='word_1_549' title='bbox 24 3728 116 3774; x_wconf 85' lang='lat' dir='ltr'><strong>uitium</strong></span> <span class='ocrx_word' id='word_1_550' title='bbox 136 3725 213 3773; x_wconf 90' lang='lat' dir='ltr'><strong>aliter</strong></span> <span class='ocrx_word' id='word_1_551' title='bbox 230 3733 305 3788; x_wconf 84' lang='lat' dir='ltr'><strong>atque</strong></span> <span class='ocrx_word' id='word_1_552' title='bbox 325 3725 401 3774; x_wconf 82' lang='lat' dir='ltr'><strong>aliter</strong></span> <span class='ocrx_word' id='word_1_553' title='bbox 419 3740 435 3774; x_wconf 84' lang='lat' dir='ltr'><strong>a</strong></span> <span class='ocrx_word' id='word_1_554' title='bbox 452 3725 556 3774; x_wconf 84' lang='lat' dir='ltr'><strong>dirersis</strong></span> <span class='ocrx_word' id='word_1_555' title='bbox 576 3723 717 3772; x_wconf 85' lang='lat' dir='ltr'><strong>auctoribus</strong></span> <span class='ocrx_word' id='word_1_556' title='bbox 736 3722 912 3772; x_wconf 80' lang='lat' dir='ltr'><strong>absurdissime</strong></span> <span class='ocrx_word' id='word_1_557' title='bbox 931 3726 1057 3788; x_wconf 78' lang='lat' dir='ltr'><strong>figeretur.</strong></span> <span class='ocrx_word' id='word_1_558' title='bbox 1178 3718 1181 3725; x_wconf 78' lang='grc'><strong>’</strong></span> 
     </span>
    </p>
   </div>
   <div class='ocr_carea' id='block_1_5' title="bbox 22 3807 1404 4304">
    <p class='ocr_par' dir='ltr' id='par_1_7' title="bbox 22 3807 1404 4304">
     <span class='ocr_line' id='line_1_49' title="bbox 107 3807 1335 3878; baseline -0.003 -16"><span class='ocrx_word' id='word_1_559' title='bbox 107 3812 153 3873; x_wconf 85' lang='lat'><strong>29)</strong></span> <span class='ocrx_word' id='word_1_560' title='bbox 173 3828 201 3876; x_wconf 82' lang='lat' dir='ltr'><strong>p.</strong></span> <span class='ocrx_word' id='word_1_561' title='bbox 216 3807 276 3862; x_wconf 81' lang='lat'><strong>317.</strong></span> <span class='ocrx_word' id='word_1_562' title='bbox 315 3812 439 3863; x_wconf 79' lang='lat' dir='ltr'><strong>Calvisius</strong></span> <span class='ocrx_word' id='word_1_563' title='bbox 459 3809 494 3877; x_wconf 88' lang='lat' dir='ltr'><strong>(p.</strong></span> <span class='ocrx_word' id='word_1_564' title='bbox 513 3811 572 3876; x_wconf 60' lang='lat' dir='ltr'><strong>hili:</strong></span> <span class='ocrx_word' id='word_1_565' title='bbox 593 3813 747 3861; x_wconf 77' lang='lat' dir='ltr'><strong>Archelaum</strong></span> <span class='ocrx_word' id='word_1_566' title='bbox 765 3816 851 3859; x_wconf 89' lang='lat' dir='ltr'><strong>autem</strong></span> <span class='ocrx_word' id='word_1_567' title='bbox 869 3818 934 3860; x_wconf 83' lang='lat' dir='ltr'><strong>anno</strong></span> <span class='ocrx_word' id='word_1_568' title='bbox 946 3811 1047 3862; x_wconf 88' lang='lat' dir='ltr'><strong>Juliano</strong></span> <span class='ocrx_word' id='word_1_569' title='bbox 1061 3810 1102 3860; x_wconf 82' lang='lat'><strong>52.</strong></span> <span class='ocrx_word' id='word_1_570' title='bbox 1116 3812 1257 3878; x_wconf 78' lang='lat' dir='ltr'><strong>relegatum</strong></span> <span class='ocrx_word' id='word_1_571' title='bbox 1270 3825 1335 3866; x_wconf 81' lang='lat' dir='ltr'><strong>esse,</strong></span> 
     </span>
     <span class='ocr_line' id='line_1_50' title="bbox 22 3877 1335 3951; baseline -0.002 -20"><span class='ocrx_word' id='word_1_572' title='bbox 22 3892 126 3934; x_wconf 72' lang='lat' dir='ltr'><strong>,estatur</strong></span> <span class='ocrx_word' id='word_1_573' title='bbox 151 3892 252 3947; x_wconf 89' lang='lat' dir='ltr'><strong>praeter</strong></span> <span class='ocrx_word' id='word_1_574' title='bbox 276 3883 422 3948; x_wconf 65' lang='lat' dir='ltr'><strong>«losephum</strong></span> <span class='ocrx_word' id='word_1_575' title='bbox 446 3886 487 3951; x_wconf 89' lang='lat' dir='ltr'><strong>qni</strong></span> <span class='ocrx_word' id='word_1_576' title='bbox 514 3885 539 3934; x_wconf 91' lang='lat' dir='ltr'><strong>id</strong></span> <span class='ocrx_word' id='word_1_577' title='bbox 565 3885 657 3932; x_wconf 87' lang='lat' dir='ltr'><strong>iactum</strong></span> <span class='ocrx_word' id='word_1_578' title='bbox 683 3885 773 3932; x_wconf 85' lang='lat' dir='ltr'><strong>asserit</strong></span> <span class='ocrx_word' id='word_1_579' title='bbox 797 3896 862 3931; x_wconf 86' lang='lat' dir='ltr'><strong>anno</strong></span> <span class='ocrx_word' id='word_1_580' title='bbox 887 3877 929 3931; x_wconf 82' lang='lat'><strong>37.</strong></span> <span class='ocrx_word' id='word_1_581' title='bbox 952 3889 1008 3945; x_wconf 91' lang='lat' dir='ltr'><strong>post</strong></span> <span class='ocrx_word' id='word_1_582' title='bbox 1031 3883 1166 3931; x_wconf 81' lang='lat' dir='ltr'><strong>Antonium</strong></span> <span class='ocrx_word' id='word_1_583' title='bbox 1185 3882 1277 3929; x_wconf 86' lang='lat' dir='ltr'><strong>rictum</strong></span> <span class='ocrx_word' id='word_1_584' title='bbox 1302 3882 1335 3929; x_wconf 89' lang='lat' dir='ltr'><strong>ab</strong></span> 
     </span>
     <span class='ocr_line' id='line_1_51' title="bbox 22 3948 1335 4021; baseline -0.003 -17"><span class='ocrx_word' id='word_1_585' title='bbox 22 3958 133 4021; x_wconf 75' lang='lat' dir='ltr'><strong>hugsmto</strong></span> <span class='ocrx_word' id='word_1_586' title='bbox 153 3955 185 4003; x_wconf 82' lang='lat' dir='ltr'><strong>ad</strong></span> <span class='ocrx_word' id='word_1_587' title='bbox 204 3956 314 4012; x_wconf 80' lang='lat' dir='ltr'><strong>Aetium,</strong></span> <span class='ocrx_word' id='word_1_588' title='bbox 333 3957 409 4005; x_wconf 83' lang='lat' dir='ltr'><strong>etiam</strong></span> <span class='ocrx_word' id='word_1_589' title='bbox 429 3970 507 4005; x_wconf 81' lang='lat' dir='ltr'><strong>canon</strong></span> <span class='ocrx_word' id='word_1_590' title='bbox 526 3948 718 4017; x_wconf 77' lang='lat' dir='ltr'><strong>mathematicos</strong></span> <span class='ocrx_word' id='word_1_591' title='bbox 737 3954 885 4009; x_wconf 86' lang='lat' dir='ltr'><strong>Ptolemaei,</strong></span> <span class='ocrx_word' id='word_1_592' title='bbox 904 3968 977 4017; x_wconf 85' lang='lat' dir='ltr'><strong>quem</strong></span> <span class='ocrx_word' id='word_1_593' title='bbox 995 3967 1075 4017; x_wconf 84' lang='lat' dir='ltr'><strong>nuper</strong></span> <span class='ocrx_word' id='word_1_594' title='bbox 1087 3952 1201 4000; x_wconf 81' lang='lat' dir='ltr'><strong>benificio</strong></span> <span class='ocrx_word' id='word_1_595' title='bbox 1215 3951 1335 4009; x_wconf 78' lang='lat' dir='ltr'><strong>Oratelli,</strong></span> 
     </span>
     <span class='ocr_line' id='line_1_52' title="bbox 22 4008 1404 4091; baseline -0.006 -15"><span class='ocrx_word' id='word_1_596' title='bbox 22 4030 60 4076; x_wconf 77' lang='lat' dir='ltr'><strong>riri</strong></span> <span class='ocrx_word' id='word_1_597' title='bbox 79 4025 244 4090; x_wconf 80' lang='lat' dir='ltr'><strong>undiquaque</strong></span> <span class='ocrx_word' id='word_1_598' title='bbox 263 4026 400 4076; x_wconf 72' lang='lat' dir='ltr'><strong>doctissimi</strong></span> <span class='ocrx_word' id='word_1_599' title='bbox 418 4034 444 4077; x_wconf 92' lang='lat' dir='ltr'><strong>et</strong></span> <span class='ocrx_word' id='word_1_600' title='bbox 460 4027 526 4091; x_wconf 88' lang='lat' dir='ltr'><strong>apud</strong></span> <span class='ocrx_word' id='word_1_601' title='bbox 540 4026 718 4076; x_wconf 86' lang='lat' dir='ltr'><strong>Londiuienses</strong></span> <span class='ocrx_word' id='word_1_602' title='bbox 731 4026 756 4073; x_wconf 91' lang='lat' dir='ltr'><strong>in</strong></span> <span class='ocrx_word' id='word_1_603' title='bbox 767 4025 861 4088; x_wconf 70' lang='lat' dir='ltr'><strong>Anglii.</strong></span> <span class='ocrx_word' id='word_1_604' title='bbox 872 4025 961 4073; x_wconf 86' lang='lat' dir='ltr'><strong>decani</strong></span> <span class='ocrx_word' id='word_1_605' title='bbox 980 4019 1100 4082; x_wconf 84' lang='lat' dir='ltr'><strong>(morta.</strong></span> <span class='ocrx_word' id='word_1_606' title='bbox 1115 4008 1190 4072; x_wconf 69' lang='grc'>1619.</span> <span class='ocrx_word' id='word_1_607' title='bbox 1200 4025 1335 4087; x_wconf 86' lang='lat' dir='ltr'><strong>episcopus</strong></span> <span class='ocrx_word' id='word_1_608' title='bbox 1401 4063 1404 4068; x_wconf 79' lang='grc'>,</span> 
     </span>
     <span class='ocr_line' id='line_1_53' title="bbox 22 4090 1335 4162; baseline -0.004 -15"><span class='ocrx_word' id='word_1_609' title='bbox 22 4095 190 4158; x_wconf 72' lang='lat' dir='ltr'><strong>ionieemis)</strong></span> <span class='ocrx_word' id='word_1_610' title='bbox 214 4090 437 4162; x_wconf 19' lang='lat' dir='ltr'><strong>asymamiscripto</strong></span> <span class='ocrx_word' id='word_1_611' title='bbox 462 4099 557 4160; x_wconf 81' lang='lat' dir='ltr'><strong>accepi,</strong></span> <span class='ocrx_word' id='word_1_612' title='bbox 582 4111 630 4161; x_wconf 82' lang='lat' dir='ltr'><strong>qno</strong></span> <span class='ocrx_word' id='word_1_613' title='bbox 654 4097 753 4145; x_wconf 88' lang='lat' dir='ltr'><strong>nomine</strong></span> <span class='ocrx_word' id='word_1_614' title='bbox 778 4096 809 4144; x_wconf 89' lang='lat' dir='ltr'><strong>de</strong></span> <span class='ocrx_word' id='word_1_615' title='bbox 828 4095 910 4144; x_wconf 89' lang='lat' dir='ltr'><strong>studio</strong></span> <span class='ocrx_word' id='word_1_616' title='bbox 929 4094 1100 4158; x_wconf 75' lang='lat' dir='ltr'><strong>chronologico</strong></span> <span class='ocrx_word' id='word_1_617' title='bbox 1119 4095 1211 4156; x_wconf 87' lang='lat' dir='ltr'><strong>optimo</strong></span> <span class='ocrx_word' id='word_1_618' title='bbox 1230 4096 1335 4144; x_wconf 87' lang='lat' dir='ltr'><strong>meritus</strong></span> 
     </span>
     <span class='ocr_line' id='line_1_54' title="bbox 22 4160 1336 4231; baseline -0.002 -14"><span class='ocrx_word' id='word_1_619' title='bbox 22 4177 61 4217; x_wconf 76' lang='lat' dir='ltr'><strong>est</strong></span> <span class='ocrx_word' id='word_1_620' title='bbox 101 4168 190 4217; x_wconf 83' lang='lat' dir='ltr'><strong>Canon</strong></span> <span class='ocrx_word' id='word_1_621' title='bbox 215 4171 292 4224; x_wconf 88' lang='lat' dir='ltr'><strong>enim,</strong></span> <span class='ocrx_word' id='word_1_622' title='bbox 316 4171 358 4231; x_wconf 87' lang='lat' dir='ltr'><strong>qui</strong></span> <span class='ocrx_word' id='word_1_623' title='bbox 384 4160 410 4217; x_wconf 86' lang='lat' dir='ltr'><strong>lu</strong></span> <span class='ocrx_word' id='word_1_624' title='bbox 428 4169 563 4218; x_wconf 86' lang='lat' dir='ltr'><strong>canonibus</strong></span> <span class='ocrx_word' id='word_1_625' title='bbox 582 4168 706 4231; x_wconf 78' lang='lat' dir='ltr'><strong>scaligeri</strong></span> <span class='ocrx_word' id='word_1_626' title='bbox 724 4166 838 4223; x_wconf 86' lang='lat' dir='ltr'><strong>habetur,</strong></span> <span class='ocrx_word' id='word_1_627' title='bbox 857 4172 986 4230; x_wconf 86' lang='lat' dir='ltr'><strong>corruptus</strong></span> <span class='ocrx_word' id='word_1_628' title='bbox 1005 4171 1138 4214; x_wconf 83' lang='lat' dir='ltr'><strong>estates</strong></span> <span class='ocrx_word' id='word_1_629' title='bbox 1157 4167 1302 4227; x_wconf 76' lang='lat' dir='ltr'><strong>conlectura</strong></span> <span class='ocrx_word' id='word_1_630' title='bbox 1319 4179 1336 4214; x_wconf 85' lang='lat' dir='ltr'><strong>a</strong></span> 
     </span>
     <span class='ocr_line' id='line_1_55' title="bbox 22 4239 1322 4304; baseline -0.005 -14"><span class='ocrx_word' id='word_1_631' title='bbox 22 4240 150 4304; x_wconf 70' lang='lat' dir='ltr'><strong>scaligero</strong></span> <span class='ocrx_word' id='word_1_632' title='bbox 168 4239 325 4295; x_wconf 81' lang='lat' dir='ltr'><strong>emendatos,</strong></span> <span class='ocrx_word' id='word_1_633' title='bbox 343 4239 386 4294; x_wconf 89' lang='lat' dir='ltr'><strong>hic</strong></span> <span class='ocrx_word' id='word_1_634' title='bbox 405 4255 462 4290; x_wconf 89' lang='lat' dir='ltr'><strong>rero</strong></span> <span class='ocrx_word' id='word_1_635' title='bbox 480 4240 555 4304; x_wconf 83' lang='lat' dir='ltr'><strong>plane</strong></span> <span class='ocrx_word' id='word_1_636' title='bbox 574 4242 673 4303; x_wconf 81' lang='lat' dir='ltr'><strong>integer</strong></span> <span class='ocrx_word' id='word_1_637' title='bbox 691 4245 737 4287; x_wconf 83' lang='lat' dir='ltr'><strong>est</strong></span> <span class='ocrx_word' id='word_1_638' title='bbox 1320 4248 1322 4252; x_wconf 73' lang='grc'>’</span> 
     </span>
    </p>
   </div>
   <div class='ocr_carea' id='block_1_6' title="bbox 22 4322 1337 4819">
    <p class='ocr_par' dir='ltr' id='par_1_8' title="bbox 22 4322 1337 4819">
     <span class='ocr_line' id='line_1_56' title="bbox 107 4322 1334 4391; baseline -0.004 -14"><span class='ocrx_word' id='word_1_639' title='bbox 107 4326 154 4389; x_wconf 80' lang='grc'><strong>30)</strong></span> <span class='ocrx_word' id='word_1_640' title='bbox 174 4343 197 4391; x_wconf 94' lang='lat' dir='ltr'><strong>p.</strong></span> <span class='ocrx_word' id='word_1_641' title='bbox 217 4322 276 4376; x_wconf 85' lang='grc'><strong>373.</strong></span> <span class='ocrx_word' id='word_1_642' title='bbox 314 4326 396 4387; x_wconf 89' lang='lat' dir='ltr'><strong>Quam</strong></span> <span class='ocrx_word' id='word_1_643' title='bbox 420 4328 603 4378; x_wconf 87' lang='lat' dir='ltr'><strong>dedicationem</strong></span> <span class='ocrx_word' id='word_1_644' title='bbox 629 4334 657 4375; x_wconf 91' lang='lat' dir='ltr'><strong>ut</strong></span> <span class='ocrx_word' id='word_1_645' title='bbox 681 4327 771 4375; x_wconf 87' lang='lat' dir='ltr'><strong>melius</strong></span> <span class='ocrx_word' id='word_1_646' title='bbox 795 4324 1007 4390; x_wconf 82' lang='lat' dir='ltr'><strong>comprehendant</strong></span> <span class='ocrx_word' id='word_1_647' title='bbox 1024 4325 1139 4379; x_wconf 81' lang='lat' dir='ltr'><strong>lectores,</strong></span> <span class='ocrx_word' id='word_1_648' title='bbox 1163 4325 1227 4374; x_wconf 85' lang='lat' dir='ltr'><strong>haee</strong></span> <span class='ocrx_word' id='word_1_649' title='bbox 1246 4323 1334 4386; x_wconf 85' lang='lat' dir='ltr'><strong>adjun-</strong></span> 
     </span>
     <span class='ocr_line' id='line_1_57' title="bbox 22 4390 1336 4462; baseline -0.004 -14"><span class='ocrx_word' id='word_1_650' title='bbox 22 4403 108 4462; x_wconf 66' lang='lat' dir='ltr'><strong>gimus.</strong></span> <span class='ocrx_word' id='word_1_651' title='bbox 147 4399 255 4448; x_wconf 80' lang='lat' dir='ltr'><strong>Uxorem</strong></span> <span class='ocrx_word' id='word_1_652' title='bbox 282 4399 355 4447; x_wconf 84' lang='lat' dir='ltr'><strong>duxit</strong></span> <span class='ocrx_word' id='word_1_653' title='bbox 380 4398 505 4462; x_wconf 84' lang='lat' dir='ltr'><strong>lleplerus</strong></span> <span class='ocrx_word' id='word_1_654' title='bbox 533 4413 598 4447; x_wconf 90' lang='lat' dir='ltr'><strong>anno</strong></span> <span class='ocrx_word' id='word_1_655' title='bbox 626 4390 701 4446; x_wconf 72' lang='lat'>1597.</span> <span class='ocrx_word' id='word_1_656' title='bbox 727 4395 867 4448; x_wconf 88' lang='lat' dir='ltr'><strong>Barbaram</strong></span> <span class='ocrx_word' id='word_1_657' title='bbox 889 4396 1034 4446; x_wconf 83' lang='lat' dir='ltr'><strong>hlillleriam</strong></span> <span class='ocrx_word' id='word_1_658' title='bbox 1060 4410 1076 4444; x_wconf 90' lang='lat' dir='ltr'><strong>a</strong></span> <span class='ocrx_word' id='word_1_659' title='bbox 1100 4396 1221 4455; x_wconf 60' lang='lat' dir='ltr'><strong>Molem„</strong></span> <span class='ocrx_word' id='word_1_660' title='bbox 1236 4410 1267 4444; x_wconf 86' lang='lat' dir='ltr'><strong>ox</strong></span> <span class='ocrx_word' id='word_1_661' title='bbox 1285 4408 1336 4457; x_wconf 86' lang='lat' dir='ltr'><strong>qna</strong></span> 
     </span>
     <span class='ocr_line' id='line_1_58' title="bbox 22 4465 1334 4534; baseline -0.002 -17"><span class='ocrx_word' id='word_1_662' title='bbox 22 4473 129 4534; x_wconf 83' lang='lat' dir='ltr'><strong>suscepit</strong></span> <span class='ocrx_word' id='word_1_663' title='bbox 155 4470 171 4518; x_wconf 80' lang='grc'>6</span> <span class='ocrx_word' id='word_1_664' title='bbox 199 4469 297 4519; x_wconf 86' lang='lat' dir='ltr'><strong>liberos.</strong></span> <span class='ocrx_word' id='word_1_665' title='bbox 334 4470 409 4526; x_wconf 79' lang='lat' dir='ltr'><strong>ruer,</strong></span> <span class='ocrx_word' id='word_1_666' title='bbox 433 4485 507 4534; x_wconf 88' lang='lat' dir='ltr'><strong>quem</strong></span> <span class='ocrx_word' id='word_1_667' title='bbox 531 4484 607 4533; x_wconf 91' lang='lat' dir='ltr'><strong>snpra</strong></span> <span class='ocrx_word' id='word_1_668' title='bbox 630 4470 803 4517; x_wconf 77' lang='lat' dir='ltr'><strong>suavissimum</strong></span> <span class='ocrx_word' id='word_1_669' title='bbox 829 4467 897 4522; x_wconf 82' lang='lat' dir='ltr'><strong>dicit.</strong></span> <span class='ocrx_word' id='word_1_670' title='bbox 922 4467 1070 4524; x_wconf 68' lang='lat' dir='ltr'><strong>fridericus,</strong></span> <span class='ocrx_word' id='word_1_671' title='bbox 1093 4474 1166 4515; x_wconf 87' lang='lat' dir='ltr'><strong>nutus</strong></span> <span class='ocrx_word' id='word_1_672' title='bbox 1186 4467 1209 4515; x_wconf 86' lang='lat' dir='ltr'><strong>d.</strong></span> <span class='ocrx_word' id='word_1_673' title='bbox 1229 4465 1253 4514; x_wconf 87' lang='lat'><strong>3.</strong></span> <span class='ocrx_word' id='word_1_674' title='bbox 1272 4466 1334 4514; x_wconf 88' lang='lat' dir='ltr'><strong>Dec.</strong></span> 
     </span>
     <span class='ocr_line' id='line_1_59' title="bbox 22 4537 1337 4603; baseline -0.005 -12"><span class='ocrx_word' id='word_1_675' title='bbox 22 4541 96 4598; x_wconf 78' lang='grc'>1604,</span> <span class='ocrx_word' id='word_1_676' title='bbox 124 4547 239 4589; x_wconf 85' lang='lat' dir='ltr'><strong>mortuus</strong></span> <span class='ocrx_word' id='word_1_677' title='bbox 264 4547 303 4588; x_wconf 88' lang='lat' dir='ltr'><strong>est</strong></span> <span class='ocrx_word' id='word_1_678' title='bbox 327 4554 348 4588; x_wconf 90' lang='lat' dir='ltr'><strong>c.</strong></span> <span class='ocrx_word' id='word_1_679' title='bbox 374 4556 484 4590; x_wconf 86' lang='lat' dir='ltr'><strong>mensem</strong></span> <span class='ocrx_word' id='word_1_680' title='bbox 511 4541 607 4603; x_wconf 73' lang='lat' dir='ltr'><strong>Maium</strong></span> <span class='ocrx_word' id='word_1_681' title='bbox 634 4538 709 4588; x_wconf 91' lang='grc'>1611.</span> <span class='ocrx_word' id='word_1_682' title='bbox 747 4537 828 4598; x_wconf 83' lang='lat' dir='ltr'><strong>Quam</strong></span> <span class='ocrx_word' id='word_1_683' title='bbox 851 4538 912 4589; x_wconf 85' lang='lat' dir='ltr'><strong>dicit</strong></span> <span class='ocrx_word' id='word_1_684' title='bbox 929 4545 1057 4587; x_wconf 89' lang='lat' dir='ltr'><strong>cruentam</strong></span> <span class='ocrx_word' id='word_1_685' title='bbox 1075 4550 1195 4603; x_wconf 69' lang='lat' dir='ltr'><strong>pugnam,</strong></span> <span class='ocrx_word' id='word_1_686' title='bbox 1218 4537 1261 4587; x_wconf 93' lang='lat' dir='ltr'><strong>ille</strong></span> <span class='ocrx_word' id='word_1_687' title='bbox 1280 4547 1337 4585; x_wconf 81' lang='lat' dir='ltr'><strong>erat</strong></span> 
     </span>
     <span class='ocr_line' id='line_1_60' title="bbox 22 4609 1336 4674; baseline -0.004 -13"><span class='ocrx_word' id='word_1_688' title='bbox 22 4614 142 4662; x_wconf 85' lang='lat' dir='ltr'><strong>tumultus</strong></span> <span class='ocrx_word' id='word_1_689' title='bbox 166 4612 275 4660; x_wconf 88' lang='lat' dir='ltr'><strong>militnm</strong></span> <span class='ocrx_word' id='word_1_690' title='bbox 302 4611 516 4669; x_wconf 51' lang='lat' dir='ltr'><strong>„recusamur</strong></span> <span class='ocrx_word' id='word_1_691' title='bbox 542 4626 559 4660; x_wconf 89' lang='lat' dir='ltr'><strong>a</strong></span> <span class='ocrx_word' id='word_1_692' title='bbox 582 4609 713 4674; x_wconf 67' lang='lat' dir='ltr'><strong>liudulpho</strong></span> <span class='ocrx_word' id='word_1_693' title='bbox 739 4611 923 4666; x_wconf 81' lang='lat' dir='ltr'><strong>conductomm,</strong></span> <span class='ocrx_word' id='word_1_694' title='bbox 946 4612 997 4673; x_wconf 81' lang='lat' dir='ltr'><strong>qui,</strong></span> <span class='ocrx_word' id='word_1_695' title='bbox 1020 4623 1096 4672; x_wconf 88' lang='lat' dir='ltr'><strong>quum</strong></span> <span class='ocrx_word' id='word_1_696' title='bbox 1115 4609 1264 4672; x_wconf 91' lang='lat' dir='ltr'><strong>stipendium</strong></span> <span class='ocrx_word' id='word_1_697' title='bbox 1287 4622 1336 4656; x_wconf 87' lang='lat' dir='ltr'><strong>nou</strong></span> 
     </span>
     <span class='ocr_line' id='line_1_61' title="bbox 22 4675 1335 4745; baseline -0.002 -15"><span class='ocrx_word' id='word_1_698' title='bbox 22 4685 159 4733; x_wconf 82' lang='lat' dir='ltr'><strong>solveretur</strong></span> <span class='ocrx_word' id='word_1_699' title='bbox 188 4682 309 4730; x_wconf 84' lang='lat' dir='ltr'><strong>seditione</strong></span> <span class='ocrx_word' id='word_1_700' title='bbox 340 4683 408 4730; x_wconf 81' lang='lat' dir='ltr'><strong>iacta</strong></span> <span class='ocrx_word' id='word_1_701' title='bbox 431 4682 531 4745; x_wconf 74' lang='lat' dir='ltr'><strong>Progne</strong></span> <span class='ocrx_word' id='word_1_702' title='bbox 561 4688 658 4745; x_wconf 91' lang='lat' dir='ltr'><strong>partem</strong></span> <span class='ocrx_word' id='word_1_703' title='bbox 687 4681 848 4731; x_wconf 73' lang='lat' dir='ltr'><strong>devastarunt</strong></span> <span class='ocrx_word' id='word_1_704' title='bbox 872 4675 908 4740; x_wconf 66' lang='grc'><strong>(7,</strong></span> <span class='ocrx_word' id='word_1_705' title='bbox 934 4679 993 4730; x_wconf 82' lang='lat' dir='ltr'><strong>Feb.</strong></span> <span class='ocrx_word' id='word_1_706' title='bbox 1022 4679 1107 4739; x_wconf 84' lang='grc'>1611).</span> <span class='ocrx_word' id='word_1_707' title='bbox 1145 4677 1216 4739; x_wconf 80' lang='lat' dir='ltr'><strong>Quae</strong></span> <span class='ocrx_word' id='word_1_708' title='bbox 1241 4680 1272 4728; x_wconf 88' lang='lat' dir='ltr'><strong>de</strong></span> <span class='ocrx_word' id='word_1_709' title='bbox 1296 4679 1335 4728; x_wconf 87' lang='lat' dir='ltr'><strong>his</strong></span> 
     </span>
     <span class='ocr_line' id='line_1_62' title="bbox 22 4750 1337 4819; baseline -0.004 -15"><span class='ocrx_word' id='word_1_710' title='bbox 22 4754 209 4811; x_wconf 77' lang='lat' dir='ltr'><strong>calamitatibus</strong></span> <span class='ocrx_word' id='word_1_711' title='bbox 228 4753 353 4817; x_wconf 83' lang='lat' dir='ltr'><strong>Keplerus</strong></span> <span class='ocrx_word' id='word_1_712' title='bbox 372 4756 475 4806; x_wconf 82' lang='lat' dir='ltr'><strong>nunciat</strong></span> <span class='ocrx_word' id='word_1_713' title='bbox 492 4753 617 4819; x_wconf 69' lang='lat' dir='ltr'><strong>linigero,</strong></span> <span class='ocrx_word' id='word_1_714' title='bbox 635 4753 754 4817; x_wconf 80' lang='lat' dir='ltr'><strong>leguntur</strong></span> <span class='ocrx_word' id='word_1_715' title='bbox 771 4752 819 4802; x_wconf 84' lang='lat' dir='ltr'><strong>rol.</strong></span> <span class='ocrx_word' id='word_1_716' title='bbox 838 4751 871 4802; x_wconf 93' lang='grc'><strong>11.</strong></span> <span class='ocrx_word' id='word_1_717' title='bbox 890 4768 914 4816; x_wconf 92' lang='lat' dir='ltr'><strong>p.</strong></span> <span class='ocrx_word' id='word_1_718' title='bbox 933 4752 994 4808; x_wconf 76' lang='lat'><strong>400.</strong></span> <span class='ocrx_word' id='word_1_719' title='bbox 1012 4752 1037 4801; x_wconf 88' lang='lat' dir='ltr'><strong>in</strong></span> <span class='ocrx_word' id='word_1_720' title='bbox 1055 4752 1143 4817; x_wconf 83' lang='lat' dir='ltr'><strong>quihus</strong></span> <span class='ocrx_word' id='word_1_721' title='bbox 1163 4751 1242 4800; x_wconf 88' lang='lat' dir='ltr'><strong>litoris</strong></span> <span class='ocrx_word' id='word_1_722' title='bbox 1260 4750 1337 4800; x_wconf 78' lang='lat' dir='ltr'><strong>reicit</strong></span> 
     </span>
    </p>
   </div>
   <div class='ocr_carea' id='block_1_7' title="bbox 0 0 1576 5482">
    <p class='ocr_par' dir='ltr' id='par_1_9' title="bbox 0 0 1576 5482">
     <span class='ocr_line' id='line_1_63' title="bbox 0 0 1576 5482; baseline 0 0"><span class='ocrx_word' id='word_1_723' title='bbox 0 0 1576 5482; x_wconf 95' lang='lat' dir='ltr'><strong> </strong></span> 
     </span>
    </p>
   </div>
  </div>
 </body>
</html>
