3150 5482
216 227 279 288 600
316 238 318 241 ’
674 223 865 273 stereometn'ae
884 220 1065 271 Archimedem

202 396 310 463 'unius
331 392 455 480 speciei,
479 416 542 462 non
563 400 713 480 poterunt
733 394 979 479 igitur-*haberex
998 400 1106 478 partes
1129 392 1276 473 easdem;
1299 391 1356 458 sed
1379 398 1509 459 eutem·
1558 365 1567 498 l,

180 547 182 551 ,
215 488 341 570 tingent
363 507 401 551 se
418 490 528 551 mutuo
550 485 582 549 in
604 481 697 549 unico
711 491 838 567 ptmcto,
864 489 922 549 aut
941 483 1095 550 secabunt
1116 503 1186 548 sese
1199 490 1323 560 mutuo,
1346 502 1440 546 arcus
1452 503 1512 548 reu
1564 498 1569 570 l

215 576 296 641 inter
322 581 440 657 punctu
465 573 621 657 interjecti
647 573 810 639 distabunt
836 574 878 638 ab
904 574 1037 638 invicem
1066 571 1126 637 toti
1156 592 1178 635 a
1206 572 1294 648 totis,
1318 591 1379 654 per
1400 572 1450 649 Ν,
1471 577 1514 635 a.

215 656 385 747 Apollonii.
430 663 473 726 Et
494 683 567 726 cum
588 668 737 744 ponatur,
759 680 867 729 omnes
889 678 959 726 sese
980 668 1091 726 mutuo
1107 658 1293 749 contingere
1314 660 1351 723 in
1373 662 1443 724 coni
1460 680 1516 725 m·

216 753 287 831 tice,
305 771 507 816 concurrere
535 772 608 815 vero
639 752 734 815 etiam
759 750 806 814 od
835 750 899 815 alia
927 750 991 815 duo
1020 754 1155 834 puncta:
1186 746 1279 812 nulla
1299 748 1517 832 igitur'eemu

215 862 289 905 cum
311 840 378 904 ulla
400 839 596 923 reliquarum
618 838 652 903 in
674 839 744 904 aliis
766 838 910 922 pluribus
931 840 1059 922 punctis
1081 842 1264 917 concurret,
1289 837 1417 901 etiamsi
1436 858 1517 920 pars·

215 929 290 994 bola
312 934 345 992 et
365 925 558 1012 hyperbolae
579 929 612 992 in
634 926 788 992 infinitum
811 930 1032 992 continuentur
1053 920 1170 1010 (Apoll.
1192 923 1247 1005 lv,
1273 926 1343 1005 26).
1392 926 1519 1007 Cumque

214 1023 376 1100 ponantur
406 1036 594 1081 concurrere
624 1016 657 1080 iu
686 1015 788 1081 tribus
817 1017 954 1099 punctis:
985 1037 1051 1081 non
1078 1015 1175 1098 igitur
1196 1034 1267 1079 sese
1288 1014 1519 1096 contingentis

216 1127 326 1171 eorum
355 1111 545 1188 punctorum
574 1102 709 1168 duobus.
762 1104 844 1169 Nam
874 1105 901 1169 si
930 1105 964 1169 in
994 1102 1117 1169 dnobus
1146 1123 1214 1168 sese
1245 1103 1519 1185 contingerent'n

215 1194 308 1259 tertio
331 1214 395 1259 non
417 1199 642 1258 concurrerent
668 1193 785 1276 (Apoll.
813 1193 866 1272 Ν,
886 1192 952 1273 nt).
1003 1191 1154 1275 Sequitur
1181 1211 1271 1273 ergo,
1295 1200 1336 1255 ut
1359 1211 1519 1256 occurrens

216 1283 278 1347 duo
300 1282 416 1366 reliqui
437 1282 502 1346 sint
523 1281 694 1361 sectiones;
725 1284 825 1347 omnis
852 1283 934 1346 enim
955 1288 1125 1346 concursus
1146 1287 1203 1344 eut
1224 1285 1400 1346 contactus
1415 1285 1520 1343 estant

215 1370 322 1436 sectio.
379 1369 417 1434 In
450 1368 641 1435 sectionibus
675 1376 783 1435 autem
816 1376 1018 1453 permutatur
1047 1369 1135 1450 ordo.
1189 1368 1233 1433 Et
1264 1389 1339 1434 cnm
1373 1375 1520 1451 ponantm

215 1464 335 1541 puncta
358 1458 424 1523 tria
450 1460 482 1523 in
510 1459 760 1524 circumferentia
787 1460 903 1539 circuli,
932 1458 1067 1524 circulus
1094 1457 1194 1539 igitur
1218 1477 1281 1541 per
1303 1457 1367 1521 illa
1388 1455 1520 1520 tremibit

215 1549 336 1628 unicus,
357 1568 417 1631 per
439 1547 657 1612 demonstrata
677 1546 749 1613 libri
771 1547 833 1613 ΙΙΙ.
851 1548 998 1614 Euclidis.
1044 1545 1194 1611 Similiter
1216 1553 1253 1610 et
1284 1545 1446 1630 parabola
1469 1546 1519 1609 erit

216 1637 320 1701 unica.
369 1634 456 1700 Pone
482 1636 567 1700 enim
593 1636 732 1701 diversas
758 1657 842 1717 esse3
870 1642 996 1701 etcum
1018 1637 1154 1720 positum
1176 1636 1442 1717 sitycontingere
1460 1653 1519 1697 sese

214 1724 247 1789 in
270 1721 341 1789 coni
363 1723 488 1803 vertice,
512 1725 540 1789 si
561 1724 704 1790 diverses
727 1730 802 1790 sunt
824 1732 859 1791 et
881 1729 950 1793 sese
972 1729 1096 1805 secant,
1121 1724 1263 1789 diversas
1287 1724 1389 1787 etiam
1412 1722 1518 1787 eormr-

214 1819 323 1895 gentes
348 1811 513 1878 habebunt
539 1812 573 1876 in
606 1815 761 1879 communi
790 1813 940 1879 sectione:
979 1833 1079 1897 quare
1110 1813 1221 1878 eadem
1251 1811 1520 1877 demonstratione

215 1900 374 1979 methodo,
398 1902 587 1984 qua-utitur
608 1901 660 1981 IV,
684 1909 736 1968 28.
773 1903 968 1986 Apollonius,
992 1900 1139 1986 probans,
1163 1901 1246 1966 duas
1266 1900 1442 1984 parabolas
1462 1901 1522 1964 sese

215 2011 279 2054 non
303 1990 482 2073 contingere
508 1991 541 2055 in
566 1990 711 2072 pluribus
736 2012 800 2056 uno
826 1991 964 2076 punctis,
995 2012 1048 2056 res
1073 1990 1115 2054 ad
1136 1987 1337 2074 impossibile
1360 1989 1475 2054 recidet
1493 1994 1521 2050 et

215 2086 320 2145 totum
343 2078 398 2143 fiet
416 2079 554 2160 ecquale
574 2081 669 2164 perti.
705 2079 778 2145 Non
799 2085 875 2145 sunt
897 2101 971 2163 ergo
990 2079 1135 2144 diversae
1148 2077 1339 2163 parabolae,
1356 2077 1415 2142 sed
1428 2077 1517 2153 umen,

216 2188 302 2251 quae
323 2188 381 2250 per
403 2167 467 2231 tria
489 2175 610 2251 puncta
621 2169 744 2233 transit.
780 2168 924 2252 Cumque
946 2164 1148 2252 hyperbolae,
1163 2186 1230 2250 qno
1255 2166 1450 2242 obtusiones,
1469 2164 1519 2229 hoc

217 2257 317 2338 magis
348 2255 484 2322 exterius
507 2262 698 2344 procurrant
727 2257 814 2321 ultra
843 2257 1016 2336 sectiones,
1047 2262 1085 2320 ut
1111 2262 1159 2320 est
1181 2276 1240 2339 per
1263 2276 1297 2320 se
1318 2254 1517 2332 mandentum

217 2365 291 2426 ergo
317 2345 405 2410 intra
430 2345 584 2409 sectiones
610 2366 737 2412 necesse
763 2352 813 2411 est
834 2367 902 2411 esse
924 2351 1015 2411 tanto
1036 2345 1211 2411 interiores.
1259 2344 1303 2409 Et
1327 2345 1408 2427 quia
1428 2365 1465 2408 ex
1482 2344 1517 2406 si-

217 2432 341 2498 milibus
370 2431 558 2517 hyperbolis,
593 2435 660 2499 sc.m
672 2435 781 2509 eodem
817 2434 1165 2519 anguloasymptoton
1197 2432 1302 2512 factis,
1339 2433 1401 2497 illa
1432 2435 1520 2514 major

147 2572 150 2583 .
216 2527 375 2600 censetur,
391 2540 488 2604 xquae
509 2522 687 2607 *majoribus
711 2523 865 2589 lateribus
891 2524 1062 2602 formatur,
1093 2522 1227 2589 obtusae
1254 2521 1359 2604 igitur
1385 2521 1436 2586 hic
1456 2525 1522 2584 sunt

215 2612 352 2675 minores
373 2611 405 2675 in
427 2631 487 2675 sua
507 2611 621 2694 specie,
646 2632 744 2694 quam
766 2613 924 2678 acutiores
945 2613 979 2677 in
1001 2633 1073 2677 sua:
1096 2609 1220 2695 duobus
1239 2610 1342 2693 igitur
1358 2609 1519 2676 nominibus

216 2699 348 2764 interior
361 2739 363 2749 ·
376 2698 474 2764 habet
503 2705 700 2789 asymptotos
729 2701 908 2780 ticiniores,
939 2708 972 2765 et
998 2701 1075 2784 qnia
1096 2699 1199 2764 minor
1219 2699 1253 2763 in
1276 2719 1341 2763 sua
1364 2700 1474 2784 speeie,
1494 2705 1523 2762 et

216 2789 291 2870 quia
320 2791 467 2870 respectu
494 2788 600 2852 sociae
629 2789 788 2870 obtusior3
819 2790 996 2855 obtusiones
1024 2791 1176 2868 enim,·nt
1197 2787 1412 2870 praecedenti
1431 2788 1520 2852 theor.

215 2873 354 2956 dictum,
397 2876 498 2958 magis
536 2876 699 2959 magisque
729 2880 998 2961 appropinquant
1016 2879 1082 2943 suis
1117 2876 1308 2959 asymptotis
1339 2877 1522 2958 tandemque

217 2986 290 3029 cum
318 2964 356 3028 iis
386 2964 575 3030 coincidunt.
628 2958 715 3042 Quin,
744 2968 840 3034 etium
874 2967 932 3035 hoc
965 2966 1216 3032 demonstratum
1250 2971 1303 3029 est
1337 2963 1522 3030 theoremate

217 3052 431 3137 praecedenti,
463 3060 605 3118 centrum
635 3054 667 3118 in
684 3054 895 3138 obtusiorum
925 3055 1033 3139 aliqua
1059 3056 1146 3133 serie,
1161 3053 1296 3137 propius
1319 3074 1392 3118 esse
1415 3057 1521 3120 contin·

216 3142 313 3224 genti,
336 3162 435 3225 quem
456 3138 536 3208 haec
559 3150 609 3207 est
630 3145 763 3224 vertici,¹
778 3145 810 3209 in
838 3144 963 3228 reliqua
981 3145 1157 3211 acutiorum
1176 3143 1352 3208 remotius.
1398 3142 1439 3207 Et
1459 3165 1523 3208 sero

217 3231 400 3313 contingens
421 3230 563 3296 interiori
586 3237 635 3296 est
656 3231 728 3315 ipsa
751 3234 847 3299 etiam
868 3235 1007 3302 interior.
1052 3234 1163 3298 Potest
1184 3232 1245 3297 hoc
1269 3233 1373 3296 etiam
1394 3232 1525 3299 absolute

217 3319 429 3392 demonstrari
455 3337 513 3401 per
535 3321 561 3395 l,
587 3324 638 3385 37.
665 3321 771 3404 Apoll.
822 3324 873 3389 Sic
900 3327 970 3387 cum
981 3372 986 3379 „
995 3321 1187 3405 hyperbolae
1209 3321 1358 3386 exterius
1382 3323 1522 3406 compleo

217 3412 328 3472 tantur
349 3407 550 3490 parabolam,
573 3409 658 3474 iutra
680 3410 832 3476 sectiones
854 3412 952 3494 igitur
967 3409 1122 3495 parabola
1142 3410 1282 3474 nussim
1305 3412 1525 3496 complectetur

217 3495 304 3574 illas,
339 3497 451 3561 eadem
482 3497 520 3561 de
553 3518 650 3563 causa
675 3519 756 3563 -cum
791 3499 948 3582 parabola
985 3504 1077 3564 extre
1109 3499 1269 3568 sectiones
1304 3502 1525 3584 complectetur

217 3585 352 3667 ellipses,
386 3586 471 3651 intra
502 3587 597 3668 igitur
630 3588 783 3653 sectiones
818 3589 945 3672 ellipses
979 3588 1123 3652 vicissim
1147 3587 1316 3653 includant
1338 3589 1523 3674 parabolam.

216 3674 358 3756 Denique
388 3695 460 3738 cum
483 3674 628 3754 circulus,
654 3675 779 3760 ellipses
808 3684 941 3760 tangens
963 3678 996 3742 in
1019 3677 1142 3754 vertice,
1173 3683 1321 3760 ponatur
1334 3700 1337 3703 ·
1350 3699 1408 3743 eas
1431 3695 1524 3752 secere

217 3760 341 3827 duobus
362 3763 453 3827 locis:
477 3763 607 3829 lunulae
629 3763 727 3849 igitur
751 3765 908 3853 ellipticae
925 3766 1157 3832 resecabuntur
1178 3787 1199 3830 a
1217 3765 1344 3832 circulo
1368 3775 1401 3832 et
1422 3767 1522 3833 consis-

217 3853 284 3915 tent
310 3859 402 3955 extra
428 3852 592 4003 clirculum,
629 3858 704 3917 ante
731 3855 884 3920 sectiones
910 3856 1008 3939 igitur
1034 3876 1130 3921 arcus
1157 3854 1314 3938 ellipseon
1337 3865 1434 3922 erunt
1452 3858 1523 3921 inm

216 3960 327 4004 arcum
349 3962 436 4006 circu
448 3964 469 4005 1.
757 3986 759 3992 ,
848 3980 851 3991 ·
926 3977 929 3985 ·
1240 3973 1242 3976 >

716 4066 900 4137 Theorema,
913 4068 1026 4133 XXIX.

187 4239 194 4246 .
217 4179 255 4245 Si
277 4179 412 4260 sitriaco,
430 4202 549 4261 praua
569 4183 677 4263 fluam
694 4184 924 4264 perdelirum,
947 4187 1024 4266 suso
1045 4182 1244 4265 hyperbolica
1265 4190 1296 4250 ct
1316 4207 1414 4253 contu
1433 4185 1519 4267 dupli

217 4276 320 4347 cutus,
344 4270 622 4351 mania-trauecta,
646 4272 810 4338 habuerint
833 4274 954 4341 eosdem
979 4273 1121 4351 circulos,
1134 4278 1213 4337 *tarn
1237 4278 1425 4342 trentesiste
1445 4293 1517 4358 quoe

216 4359 361 4443 mediam·
375 4367 552 4440 coponem:
579 4356 706 4431 citrium
733 4363 796 4429 ern
823 4363 1009 4441 sauciorum,
1033 4360 1162 4442 reliquo
1187 4361 1297 4443 eodem
1320 4367 1430 4431 ordine
1448 4383 1517 4445 παφ-

476 4449 641 4524 ottadinis.
654 4470 833 4532 compotum„
849 4472 909 4533 qao
928 4452 982 4516 lu'c
1004 4455 1080 4516 sant
1101 4451 1270 4535 recensito.

303 4563 550 4642 Demonstratur
573 4563 667 4642 facile
696 4586 736 4631 ex
765 4566 973 4632 antecedenti.
1024 4567 1108 4630 Nam
1148 4565 1279 4631 citrium
1310 4573 1438 4635 creatur
1463 4583 1515 4646 seg·

215 4658 322 4717 mento
345 4652 463 4732 circini,
486 4675 593 4737 pruna
619 4658 658 4718 ex
684 4657 852 4738 segmentis
878 4654 1078 4721 verticalibus
1116 4654 1287 4737 ellipseon‚
1314 4657 1387 4723 fusa
1408 4679 1444 4722 er
1462 4673 1513 4734 ses·

216 4740 330 4806 mentis
359 4741 562 4811 scrtcalibus
590 4742 761 4827 parabolcs'
787 4750 821 4810 et
849 4743 1113 4827 hyperbolaeon,
1138 4744 1252 4810 'conus'
1289 4747 1463 4833 duplicatus
1485 4760 1513 4804 01
