3150 5482
623 239 703 292 Notee
719 239 833 290 Editorie.
1184 295 1196 320 ‘
1315 238 1378 302 659

67 468 154 513 autem
165 468 272 527 qoetoor
287 463 408 514 columnis
426 462 563 514 earundem
581 461 679 515 basium
696 418 746 556 G·
758 426 836 551 DE’)
856 468 882 510 ct
900 460 1061 511 altitudinum
1082 477 1113 500 =
1126 414 1203 554 {KG
1221 497 1228 508 .
1247 459 1288 528 y'2
1306 454 1343 520 (h.
1356 474 1378 510 e.

66 613 125 670 Du·
135 659 141 670 .
152 620 201 671 KG
212 659 218 671 .
229 619 279 689 γ’2)
288 628 315 672 et
324 629 456 686 praetem
464 620 612 674 minuendus
624 621 656 672 12
667 621 837 679 ,columellie“
846 620 890 672 dc.
900 619 1039 685 ntprodeet
1047 621 1163 670 columna
1171 576 1278 713 (ἐπ’
1287 653 1293 666 .
1303 587 1378 701 DF),

67 736 131 785 Cum
150 742 234 786 eutem
253 736 389 786 secumdum
406 739 546 801 praemissa
562 739 610 789 KG
629 775 636 789 .
654 736 695 807 ΥΞ
712 737 748 795 >
766 736 826 794 KD,
848 737 897 787 erit
913 728 971 785 DE'
989 772 995 784 .
1013 734 1063 784 KG
1082 771 1088 784 .
1107 732 1148 803 ts2
1165 734 1201 792 >
1219 727 1277 784 DE¹
1296 771 1302 783 .
1320 734 1379 784 DK.

66 805 153 867 Quare
172 807 257 865 cubus,
275 808 464 858 transformatus
482 811 509 861 in
521 809 673 869 columnam,
690 810 747 875 plue
765 809 884 858 minuitur
901 821 977 873 quarn
995 812 1111 872 augetur,
1128 819 1188 872 ergo
1207 805 1284 855 cubus
1297 797 1378 867 (ΔΨ)

67 926 149 985 major
166 929 207 971 cet
224 923 340 973 columne
358 878 464 1018 &W
476 961 482 975 .
495 894 569 1016 Dr).
589 952 621 963 -

155 1037 321 1087 Henricus
344 1027 504 1104 Brig'gius
531 1033 586 1100 (cir.
610 1038 642 1090 Il.
666 1055 690 1104 p.
708 1038 760 1088 405
784 1034 828 1099 ee.)
853 1036 964 1101 Keplero
989 1035 1056 1086 dono·
1079 1035 1148 1085 dedit
1172 1035 1278 1091 librum,
1303 1048 1377 1100 quern

64 1109 204 1172 inscripsit:
223 1109 389 1160 namnetica
405 1110 592 1174 Logaritbmioe
614 1106 1040 1173 (Londini1624),mnnussuum
1064 1106 1103 1156 hie
1121 1120 1211 1156 ornans
1229 1105 1323 1155 verbis:
1349 1104 1378 1154 ln

65 1193 122 1229 roeo
141 1181 188 1230 isto
206 1179 278 1238 libro,
295 1195 369 1243 quem
387 1181 420 1231 ad
437 1190 462 1231 te
481 1183 561 1240 mitro,
579 1182 702 1246 quaedem
719 1179 813 1236 habes,
830 1192 904 1244 quae,
923 1186 952 1227 ιιι
969 1179 1096 1234 existimo,
1120 1179 1161 1227 rix
1179 1176 1239 1226 alibi
1258 1179 1376 1239 reperies.

64 1249 136 1299 Inter
153 1250 207 1300 alie
223 1264 277 1313 cep.
291 1247 334 1299 26.
353 1266 441 1301 noram
459 1253 550 1303 tradidi
569 1252 628 1303 dolii
641 1253 717 1301 nostri
735 1250 855 1299 metiendi
873 1252 1005 1306 rationem,
1018 1262 1097 1312 -quam
1113 1263 1163 1296 non
1175 1247 1278 1297 verebor
1290 1246 1377 1295 Archi-

64 1320 171 1370 rnedoee
190 1323 325 1378 anteferre,
342 1337 391 1373 non
403 1323 469 1387 quod
480 1327 600 1376 veriorem
619 1325 767 1378 existimem,
784 1320 830 1370 sed
841 1321 905 1384 quod
917 1335 963 1384 per
975 1334 1031 1369 earn
1043 1321 1137 1368 mluore
1152 1320 1252 1383 negotio
1271 1317 1378 1366 eandem

63 1399 210 1440 accursum
227 1395 358 1442 veritatem
376 1407 546 1460 nusquamne
583 1395 657 1451 Vide,
674 1407 774 1457 quecea
793 1393 813 1440 si
831 1407 877 1454 per
895 1392 946 1441 alia
963 1393 1060 1453 majore
1083 1391 1186 1454 negotia
1203 1396 1284 1445 tecet,
1302 1388 1378 1437 duem

62 1475 124 1525 pag.
137 1455 173 1512 74
190 1477 268 1526 nsque
282 1462 314 1511 ad
326 1465 401 1514 finem
420 1457 517 1531 capitia
549 1465 612 1515 Cum
624 1468 674 1515 ista
684 1477 701 1513 a
713 1478 752 1514 me
772 1461 917 1520 edebantur,
936 1462 1027 1512 librum
1038 1468 1110 1509 tuum
1123 1460 1154 1509 de
1167 1459 1232 1508 dolio
1245 1460 1377 1508 Austriaco

63 1532 138 1582 eride
157 1535 254 1596 inspexi
272 1543 299 1583 et
315 1535 446 1598 cupiebam
464 1536 606 1593 admodum,
624 1544 695 1585 tunm
713 1533 834 1583 metiendi
851 1533 910 1583 dolii
922 1531 1023 1586 mudum
1041 1545 1190 1596 cognoscere
1209 1540 1303 1579 etcum
1322 1544 1378 1579 meo

63 1615 219 1667 comparare.
248 1604 298 1655 Sed
315 1619 379 1670 qnae
398 1607 452 1664 alii,
470 1622 530 1672 quos
548 1607 632 1657 videre
651 1607 763 1670 contigit,
781 1605 855 1653 unico
872 1605 925 1654 lere
944 1603 1055 1666 capitulo
1073 1603 1255 1657 concluserant,
1274 1608 1302 1650 tu
1314 1599 1378 1650 adeo

62 1672 152 1723 multia
170 1674 308 1725 disseruisti
326 1690 405 1741 eaque
421 1683 459 1727 tot
470 1680 539 1728 noris
557 1678 685 1727 vocabulis
703 1684 729 1725 et
740 1674 923 1725 delinitionibus
934 1674 1063 1738 impedita
1081 1671 1219 1727 reddidisti,
1236 1679 1266 1720 nt
1277 1679 1378 1720 coactus

62 1745 155 1794 inerim
167 1759 228 1808 pree
247 1747 415 1805 iestimtione,
433 1750 501 1799 iacta
512 1750 618 1801 eliorum
631 1747 806 1798 nonnullorum
817 1746 952 1803 mentione,
963 1752 1035 1794 tuum
1048 1758 1137 1794 nomen
1154 1744 1253 1792 omnino
1265 1747 1378 1805 praeter-

62 1817 174 1866 mittere.
210 1816 281 1868 Haec
299 1829 316 1867 a
332 1832 372 1867 me
391 1818 459 1868 dicte
476 1827 543 1877 eunt,
561 1833 610 1869 non
628 1827 656 1869 ut
673 1826 744 1868 tuum
766 1817 895 1867 eonsilium
913 1815 1135 1880 reprehenderem,
1158 1813 1224 1878 qnod
1240 1815 1266 1862 in
1284 1812 1333 1861 hac
1351 1827 1378 1879 re

62 1893 118 1935 tam
136 1887 229 1936 multae
247 1902 289 1943 ee:
308 1894 367 1938 eunt
384 1891 451 1939 enim
469 1893 601 1953 saturnia,
619 1903 677 1940 mee
693 1889 792 1952 quidem
805 1888 930 1952 opinione,
948 1889 1012 1935 scitu
1027 1885 1139 1948 jucunda
1157 1891 1183 1934 et
1198 1898 1247 1933 non
1264 1884 1378 1947 indigua,

62 1970 130 2021 qnae
149 1971 166 2007 e
183 1962 316 2022 geometris
341 1959 487 2025 diligentins
511 1961 651 2017 ducentur,
670 1957 714 2010 eed
732 1966 761 2008 nt
777 1973 817 2009 me
843 1958 924 2022 ipsum
948 1956 1015 2021 apud
1032 1965 1058 2006 te
1077 1966 1236 2012 excuterem,
1259 1954 1324 2021 quod
1342 1955 1380 2002 tui

63 2027 132 2085 libri,
150 2036 203 2077 tam
221 2029 357 2094 diligenter
374 2037 401 2080 et
418 2039 535 2082 eccunte
554 2031 585 2081 de
604 2031 693 2081 eedem
719 2045 746 2080 re
765 2031 866 2095 scripti,
884 2044 934 2078 non
951 2028 1079 2079 voluntate
1103 2041 1162 2077 mee
1179 2026 1316 2084 adduam,
1335 2023 1381 2074 sed

61 2102 214 2150 necessitate
231 2109 340 2158 cosmus,
358 2102 455 2152 nullam
480 2103 583 2161 fecerim
601 2104 761 2152 mentionem.

153 2187 248 2237 Verum
265 2196 294 2237 ut
311 2189 398 2238 borum
418 2190 623 2255 logeritbmorum
640 2205 713 2239 neum
732 2190 842 2254 aliquem
854 2190 1020 2252 experiamur,
1038 2191 1181 2251 quaeretur,
1200 2199 1233 2234 an
1252 2183 1328 2234 cubus
1347 2184 1382 2231 sit

63 2257 245 2309 ltexeedrorum
263 2259 344 2308 eidem
362 2261 484 2325 sphaerae
503 2263 676 2326 inscriptorum
693 2259 961 2325 parallelepipedururn
978 2260 1109 2315 mannos,
1127 2256 1193 2322 qood
1212 2271 1228 2306 a
1246 2264 1272 2305 te
1292 2255 1381 2305 eodem

63 2330 91 2377 in
109 2329 173 2378 libro
195 2329 385 2380 demonstretur.
421 2332 481 2381 Esto
506 2331 628 2383 diameter
651 2333 773 2396 sphaerae
790 2330 944 2380 tererent
967 2330 1035 2378 letae
1060 2329 1171 2391 inseripti
1196 2326 1254 2378 cubi
1277 2327 1381 2389 longum

66 2394 178 2457 tratis
203 2400 367 2465 logerithmus
394 2400 608 2462 1,0624698683,
632 2402 706 2466 itrjm
731 2403 833 2466 duplum
856 2394 1072 2457 nimietati,
1103 2399 1171 2449 basis
1195 2397 1252 2448 cubi
1279 2390 1379 2460 l33¹i⁸t

63 2471 138 2522 illiue,
152 2467 255 2535 triplum
271 2466 483 2529 elemosinis,
502 2474 579 2523 cubus
594 2466 793 2530 retundente
808 2467 922 2537 inuare.
949 2471 1028 2520 Latus
1046 2471 1159 2532 inscripti
1178 2469 1234 2520 cubi
1252 2467 1380 2518 subtendit

63 2534 112 2591 70⁰
123 2541 166 2592 31¹
179 2539 232 2592 48‘·
243 2541 304 2592 eim
323 2550 351 2593 et
366 2545 482 2608 emplius,
500 2545 539 2595 rel
558 2552 587 2593 ut
603 2558 673 2595 anre
691 2547 756 2594 solet
773 2544 877 2607 exprimi
894 2534 1003 2599 ’ῖο,5290
1015 2542 1077 2590 iere.
1106 2540 1132 2590 Si
1151 2540 1216 2589 banc
1234 2539 1380 2589 enitentem

63 2612 260 2676 multiplicemus
278 2615 305 2663 in
323 2616 452 2664 semissem
471 2615 586 2680 quadrati
611 2625 695 2666 rectae
721 2614 894 2664 subtendentla
918 2613 1127 2677 complementum
1145 2611 1178 2661 ad
1194 2609 1379 2660 semicirculum

64 2680 210 2745 (109,4'il),
228 2687 358 2748 proveniet
375 2686 468 2735 solidus
493 2689 610 2750 inscripto
629 2687 690 2737 cubo
709 2686 830 2751 aqualis.
867 2684 919 2735 Sed
935 2685 956 2732 si
975 2684 1053 2732 basis*
1064 2680 1246 2746 perellepipedi
1264 2681 1304 2730 rel
1322 2688 1378 2735 ten·

63 2755 149 2803 tillem
168 2763 293 2819 eogeetur
310 2756 350 2806 tel
368 2759 503 2815 minuatur,
522 2756 614 2806 solidus
632 2768 735 2822 utroque
754 2756 826 2805 modo
844 2759 985 2811 minuetur,
1004 2752 1069 2817 quod
1085 2755 1177 2816 poterit
1194 2752 1314 2801 facillime
1333 2765 1379 2814 per

64 2827 131 2888 ipsos
158 2826 320 2889 rogerithmos
344 2827 510 2891 deprehendi:
541 2830 574 2878 sit
596 2829 703 2878 altitudo
726 2829 834 2892 corporis
851 2826 971 2876 subtense
990 2823 1099 2881 riba&
1122 2823 1196 2886 hujus
1214 2821 1379 2885 rogantianus

67 2895 274 2952 toemaeeoua.
293 2896 433 2963 Diagonius
443 2900 510 2949 baele
518 2899 638 2949 subtense
648 2898 751 2955 109,46,
762 2897 925 2962 legeritbrnns
935 2896 1030 2946 dimidii
1039 2895 1154 2965 quadrati
1163 2887 1378 2951 armaten&

64 2967 231 3030 logaritlrmue
259 2970 318 3017 iacti
343 2971 382 3019 rel
409 2973 515 3033 corporis
543 2972 654 3034 inscripti
678 2965 892 3028 trinomias,
920 2969 970 3031 iog.
998 2966 1055 3016 cubi
1087 2973 1163 3015 antee
1189 2968 1304 3014 intentus
1330 2964 1380 3012 luit

62 3032 274 3093 arsisoetoee.
311 3040 404 3089 Verum
423 3050 476 3089 esto
499 3041 605 3090 altitudo
624 3043 730 3105 corporis
749 3040 868 3089 subtensa
888 3037 996 3094 11546.
1020 3040 1073 3100 ejus
1091 3037 1142 3101 lug.
1162 3033 1378 3096 autumabam

64 3109 195 3174 diagonios
213 3109 280 3158 basis
298 3110 418 3160 subtense
438 3110 548 3169 10938:
568 3112 617 3177 leg.
637 3111 733 3161 dimidii
750 3109 865 3176 quadrati
884 3103 1101 3168 21249857882,
1118 3108 1168 3171 log.
1188 3108 1248 3156 iacti
1267 3105 1307 3155 rel
1325 3119 1379 3154 eor·

62 3181 130 3244 poris
148 3181 259 3243 inscripti
277 3175 486 3239 3,]874θ80972.
1039 3200 1064 3222 ,·
1082 3208 1087 3213 -
1210 3207 1212 3211 ·

153 3268 274 3318 Videmus
293 3269 432 3335 utrobique,
457 3270 665 3335 parallelepipedl
690 3269 867 3334 legarithmum
886 3283 902 3319 e
919 3268 976 3319 cabi
994 3266 1143 3332 legerithmo
1168 3267 1295 3328 superari,
1314 3264 1379 3328 quod

63 3338 156 3390 tubum
175 3340 277 3404 reliquis
296 3345 416 3405 majorem
442 3356 496 3392 esee
523 3342 638 3406 ostendit.
675 3341 708 3391 Hi
727 3341 870 3404 logaritbmi
889 3354 905 3390 e
922 3354 978 3388 meo
997 3341 1095 3388 sinuum
1119 3351 1213 3386 canone
1239 3344 1379 3391 sumuntur,

62 3424 138 3474 quem
162 3412 224 3458 satis
249 3411 385 3477 diligenter
409 3417 556 3476 supputari,
580 3407 631 3461 noe
653 3427 709 3462 oum
734 3412 911 3476 tangentibus,
935 3410 1079 3460 secantibus
1103 3415 1129 3458 et
1154 3406 1310 3472 legerithmis
1333 3421 1378 3470 pro

63 3482 172 3545 singulis
191 3481 314 3546 maslaum
334 3486 484 3540 centesimis,
503 3498 576 3547 quem
595 3498 634 3532 me
655 3482 788 3547 aliquando
807 3483 931 3532 editurum
949 3496 1029 3545 spero.
1057 3481 1128 3529 Licet
1146 3486 1229 3527 autem
1247 3480 1297 3526 ista
1315 3479 1378 3526 reri·

52 3558 143 3601 tatem
152 3554 326 3616 propositionis
336 3551 442 3603 reddant
452 3554 619 3612 menifestum,
638 3555 678 3603 six
688 3559 773 3602 tamem
785 3555 950 3610 musieciunt,
964 3553 1012 3602 nisi
1022 3551 1230 3601 demonstratione
1244 3549 1379 3597 firmentur.

151 3639 282 3690 Adducam
300 3643 377 3707 igitur
395 3657 467 3693 meae
493 3640 709 3693 demonstrationis
735 3648 871 3706 praecipua
895 3639 1073 3698 iuodemente,
1095 3653 1112 3688 e
1129 3641 1178 3687 tuis
1196 3637 1379 3701 aliquantulum

62 3710 170 3761 direme-
205 3711 321 3776 Iuprimis
340 3722 426 3763 auteur
443 3721 502 3764 sunt
520 3713 581 3765 mibi
600 3713 647 3763 duo
667 3714 787 3763 lemmata
809 3711 1015 3768 demonstranda,
1034 3718 1062 3760 nt
1081 3710 1259 3774 subsequentia
1279 3707 1379 3756 lucilius

63 3781 241 3833 concedantur.

153 3851 179 3916 1)
199 3853 226 3904 Si
243 3853 287 3904 ΕΙ)
306 3856 341 3905 sit
357 3854 423 3904 latus
450 3858 561 3920 inscripti
588 3856 660 3915 cubi,
683 3863 709 3906 et
727 3870 743 3904 a
760 3862 852 3919 puncto
870 3854 894 3903 D
912 3854 1035 3904 ducantur
1060 3853 1123 3902 dnae
1148 3863 1256 3914 rectae,
1273 3864 1378 3914 quarum

60 3923 146 3973 altera
164 3924 208 3974 Dc
234 3927 267 3975 eit
291 3926 504 3990 perpendicularis
529 3926 658 3985 diametro,
683 3927 779 3991 relique
797 3926 840 3975 DF
865 3928 994 3992 contingat
1017 3924 1199 3991 peripheriam,
1223 3924 1378 3985 intersecans

59 3995 213 4045 diametrum
232 3998 402 4047 continuatam
420 4003 446 4051 in
464 4000 500 4049 l':
520 3999 624 4050 critic
643 3999 722 4065 dupla
739 4006 822 4050 rectae
841 3997 893 4046 CA.
1086 3993 1088 4000 ’

150 4068 208 4118 Esto
245 4067 288 4116 ΑΒ
314 4087 344 4108 =
370 4067 415 4128 6..
865 4106 869 4116 .

57 4141 110 4188 erit
127 4139 167 4188 EC
182 4157 214 4179 =
228 4138 253 4195 2,
272 4138 315 4187 ΕΙ)
333 4154 393 4203 qua·
541 4143 544 4151 '
847 4106 886 4159 ᾗς
911 4108 943 4148 29'

57 4211 159 4260 drotum
170 4208 211 4259 12.
221 4208 334 4258 Ducatur
347 4211 394 4261 aB
735 4248 739 4252 s

55 4279 289 4331 ceutrorectaBI).
313 4280 395 4332 Erunt

54 4351 103 4402 CB
116 4351 194 4410 l,BD
204 4350 230 4409 3,
247 4350 324 4408 Bri.
336 4368 392 4401 con-

53 4427 129 4473 tinue
175 4424 392 4487 proportionales.

52 4497 186 4559 rlrontque
203 4493 250 4554 ‚AC
269 4494 294 4551 4,
315 4494 354 4543 CF
367 4494 390 4543 8.

147 4563 175 4626 2)
193 4564 218 4613 Si
233 4564 297 4614 duae
309 4575 392 4614 rectae

49 4635 279 4702 perpendiculares
298 4636 392 4685 diame-

49 4720 96 4758 tro
117 4701 270 4757 interessent
280 4708 393 4771 periphe-

46 4783 122 4832 riam
142 4780 169 4829 in
193 4781 290 4843 punctis
316 4779 344 4837 C,
363 4778 395 4837 D,
