3112 5474
371 344 373 347 ,
463 307 547 373 aspa
556 307 599 360 m.
625 307 845 370 ansusosnrm
1232 289 1319 379 839
1372 355 1382 362 .

42 494 48 520 ,
62 465 150 528 quam
164 441 304 510 Herodes
318 449 482 531 tetrarcha¹
491 450 606 524 tenuit:
620 451 774 532 Josephus
789 471 870 526 vero,
887 442 1003 515 Christi
1017 453 1102 532 pueri
1118 453 1252 528 vitricus,
1267 455 1319 517 illo

41 552 115 615 porc
132 537 207 598 civis
224 546 292 600 erat
306 539 438 602 Herodis
452 539 483 601 in
500 540 609 620 oppido
627 539 786 603 Galilaeae
801 540 1032 613 Nazarethano,
1053 561 1113 604 non
1128 543 1273 605 Archelai
1287 544 1320 606 in

41 643 105 685 aaa
149 626 193 687 Bt
213 646 280 689 cum
299 628 477 692 Matthaeus
498 636 531 689 et
545 628 649 690 Lucas
667 631 748 692 circa
768 630 928 692 historiam
943 630 1189 693 incunabulorum
1204 631 1320 696 christi

41 713 107 775 :iem
124 715 251 796 alicujus
268 715 423 779 dissensus
438 717 608 798 praebeant
624 719 751 781 eminus:
779 719 883 793 exiis,
909 737 985 800 quae
1007 719 1057 781 alii
1079 720 1264 800 scripserunt
1279 721 1319 783 ad

41 802 181 864 :illandus
196 805 426 885 Evangelistas,
441 806 517 868 haec
534 808 595 868 fere
612 815 684 869 sunt
698 827 774 889 quae
789 808 862 871 mihi
877 807 1032 881 videntur,
1048 827 1124 889 qnae
1134 824 1193 872 non
1203 810 1318 872 modice

41 901 118 953 runt
133 893 173 955 ab
189 893 234 968 iis,
250 913 327 976 quae
342 895 511 957 Decherius
528 904 560 958 et
576 895 709 977 Snslyga
724 897 773 959 hic
789 904 954 977 sequuntur
970 905 1001 958 et
1017 897 1122 978 quibus
1138 897 1225 961 simul
1241 899 1320 979 quod

50 981 201 1044 affirmavi
218 982 255 1044 de
271 1001 364 1045 censu
378 983 541 1065 posteriori
557 985 668 1047 clarius
684 986 885 1066 explicabitur
900 993 934 1048 ct
948 986 1199 1066 comprobabitur.

60 1070 218 1151 Josephus
241 1073 364 1135 Herode
390 1074 556 1153 superstite
582 1074 656 1136 civis
686 1083 754 1137 erat
780 1075 1041 1138 Bethleemitious'
1063 1075 1186 1157 eiusque
1218 1076 1320 1157 oppidi

41 1158 137 1221 illuns
158 1168 211 1222 aut
230 1161 320 1224 vicini
341 1163 467 1242 alicujus
490 1162 563 1225 loci:
588 1164 615 1226 ei
636 1163 788 1245 desponsa
808 1173 876 1226 erat
895 1165 980 1243 virgo
996 1163 1095 1250 Maria
1110 1165 1140 1227 in
1158 1164 1325 1234 Galilaeae

41 1248 83 1309 ido
106 1249 279 1324 Nazareth,
303 1252 382 1332 apud
405 1259 551 1331 parentes
566 1253 694 1333 Josephi
715 1260 862 1332 cognatos
878 1254 1035 1316 habitans:
1058 1254 1122 1315 fieri
1147 1255 1264 1335 potuit:
1285 1262 1320 1316 ut

41 1355 102 1398 rum
120 1338 191 1419 ipsa
203 1339 310 1401 ‹Maria
329 1341 461 1403 nesciret
483 1341 520 1402 de
542 1341 791 1422 desponsatione,
812 1361 868 1403 nec
889 1341 995 1404 statim
1009 1342 1163 1423 Josephus
1183 1342 1265 1405 illam
1282 1361 1319 1404 er

41 1425 118 1488 llaea
134 1427 166 1488 in
180 1428 329 1491 ‚Iudaeam
345 1430 464 1491 domum
481 1431 613 1493 deduxit.
644 1421 770 1493 interim
785 1431 898 1493 Martio
915 1450 1019 1492 mense
1034 1432 1149 1494 miserta
1163 1440 1209 1494 eet
1223 1452 1320 1514 aage-

41 1513 173 1580 Gadn'cl
185 1519 221 1580 in
234 1518 391 1581 ciramea
407 1516 575 1582 Galilaeae
589 1518 751 1583 Nasareth
766 1520 811 1582 ad
823 1520 975 1602 virginem
989 1519 1134 1583 Martem
1147 1521 1321 1602 desponso-

51 1603 191 1687 Joeepho
207 1606 247 1669 de
262 1606 353 1670 domo
368 1608 521 1671 Doridis.
552 1606 640 1680 Quae
656 1616 692 1670 ut
706 1610 859 1689 concepit,
874 1628 913 1670 ex
928 1608 1037 1689 oppido
1053 1610 1209 1672 Nasareth
1226 1609 1317 1673 Gali-

41 1711 61 1754 ,ο
76 1697 218 1774 ptoloma
233 1705 283 1758 est
297 1696 328 1759 in
342 1697 468 1760 Hebron
484 1698 640 1760 civitatem
656 1698 747 1762 sitam
761 1699 792 1761 in
808 1698 959 1771 montanis
974 1697 1110 1761 Judaeae
1127 1698 1166 1760 ad
1175 1698 1318 1761 Elisabe-

41 1801 56 1843 u
76 1791 255 1864 cognatam,
271 1805 359 1868 quarn
373 1787 531 1867 gravidam
546 1805 614 1849 esse
631 1788 757 1867 angelus
771 1787 961 1849 indicaverat
976 1805 1109 1848 mensem
1124 1787 1243 1867 quidem
1253 1788 1318 1867 jam

41 1890 106 1947 um,
121 1892 217 1954 penes
233 1894 323 1959 quam
337 1877 450 1938 mansit
464 1894 585 1938 menses
600 1883 678 1951 tres,
694 1883 877 1958 exspectans
889 1877 996 1956 ¹procul
1012 1876 1101 1938 dnbio
1116 1884 1236 1956 partum
1252 1875 1317 1955 ejus

41 1980 79 2022 ae
95 1963 203 2037 Junio;
220 1971 293 2026 tunc
308 1982 433 2027 reversa
447 1965 479 2029 in
497 1965 616 2029 domum
632 1983 726 2040 suam,
739 1966 771 2028 in
782 1965 924 2046 oppidum
933 1965 1100 2039 Nazareth,
1115 1960 1228 2029 mansit
1237 1965 1319 2045 apud

41 2059 127 2112 mres.
173 2053 298 2116 Interim
314 2054 478 2130 intumuit,
491 2054 567 2116 adeo
583 2062 618 2116 ut
633 2060 798 2135 appareret
812 2054 970 2136 gravidam
985 2072 1067 2116 esse:
1089 2062 1180 2135 atque
1196 2054 1254 2115 hoc
1269 2061 1319 2115 est
1421 2119 1423 2122 .

49 2140 183 2219 judicio,
197 2143 320 2224 aperiat
333 2149 469 2218 maron,
490 2143 522 2205 id
537 2151 587 2205 est
602 2143 725 2206 dilatari
730 2162 739 2219 ;
762 2162 819 2205 neo
834 2144 897 2206 ulla
911 2143 1098 2206 necessitate
1114 2143 1262 2223 adigimur
1277 2142 1318 2204 ad

42 2227 185 2294 icandam
207 2232 299 2294 latius
320 2233 446 2312 phrasin
468 2232 560 2295 istam
586 2231 659 2294 Luc.
683 2236 712 2295 2.
757 2232 893 2296 Tandem
915 2234 1068 2314 Josephus
1096 2232 1316 2295 deBethleem

41 2337 109 2379 reae
124 2321 257 2382 venitin
271 2322 428 2384 Nazareth
446 2321 618 2397 Galilaeae,
641 2321 762 2384 domum
782 2322 965 2384 deducturus
987 2338 1143 2402 sponsam:
1169 2340 1259 2402 quam
1280 2329 1316 2383 ut

41 2426 47 2467 ι
66 2409 239 2488 masidam,
262 2411 374 2472 statuit
391 2411 475 2474 illam
496 2410 636 2473 deserere
652 2419 684 2473 et
700 2410 778 2473 clam
795 2412 914 2473 domum
928 2411 1057 2485 reverti:
1082 2418 1224 2472 mouente
1244 2428 1317 2472 vero
1360 2406 1362 2409 ’

41 2494 80 2559 :lo
96 2506 219 2560 mumta
234 2501 389 2562 sententia
404 2500 523 2581 accepit
539 2500 697 2581 conjugem
713 2519 806 2562 suam.
848 2497 916 2570 Quo
932 2502 1014 2562 facto
1030 2507 1166 2578 tempore
1182 2498 1318 2561 autumni

41 2594 95 2648 ter
120 2586 340 2666 proculdubio
371 2589 485 2652 mansit
507 2608 642 2652 mensem
665 2608 757 2652 unum
788 2598 879 2670 atque
911 2589 1040 2651 alterum
1073 2588 1154 2667 apud
1178 2588 1316 2669 conjugis
1377 2620 1381 2629 ·

41 2684 116 2738 ntes
135 2677 167 2738 in
181 2678 348 2753 Nazareth,
368 2677 491 2761 etquid
513 2679 540 2740 si
560 2678 709 2760 cogitavit
729 2678 772 2741 ibi
788 2678 953 2759 loci‘plane
974 2676 1152 2740 considere?
1182 2677 1229 2740 At
1248 2696 1316 2739 cum

41 2765 90 2826 im
106 2767 331 2847 promulgatum
347 2776 433 2829 esset
447 2767 578 2829 edictum
592 2766 727 2848 Augusti
743 2767 780 2829 de
798 2767 1000 2847 descriptione
1016 2765 1156 2830 facienda
1172 2773 1315 2847 essetque

48 2854 127 2916 civis
140 2856 189 2918 vel
204 2855 235 2918 in
250 2856 360 2936 oppido
375 2856 536 2920 Bethleem
551 2858 602 2919 vel
615 2857 647 2918 in
661 2856 785 2931 vicinia,
801 2857 910 2938 quippe
924 2874 1002 2918 uuus
1018 2856 1057 2917 de
1072 2856 1159 2917 domo
1176 2861 1209 2916 et
1223 2854 1314 2918 sami«
1427 2917 1430 2922 ,

41 2942 146 3018 larid,
171 2944 201 3006 iu
229 2945 313 3025 cnjus
336 2950 418 3007 sorte
439 2953 508 3008 erat
525 2942 634 3008 civitas
653 2945 827 3020 Bethleem,
850 2964 921 3009 narn
940 2946 1006 3024 lege
1029 2951 1158 3006 cautum'
1171 2950 1252 3018 erat,
1276 2961 1314 3006 ne

41 3033 125 3094 toria
140 3033 387 3096 abalienarentur
401 3056 420 3096 a
436 3034 571 3097 familiis:
588 3035 759 3097 necessitas
772 3034 832 3114 ipsi
847 3033 1022 3115 supervenit
1031 3032 1178 3095 redeundi
1193 3032 1313 3094 domum

41 3122 179 3184 mutenai
194 3123 275 3185 inter
290 3116 372 3186 cives
388 3123 454 3199 loci,
470 3142 594 3204 quorum
610 3142 627 3185 e
642 3142 766 3186 numero
781 3131 857 3187 crat
896 3125 939 3187 [bi
954 3123 1048 3203 igitur
1060 3141 1163 3184 mense
1179 3121 1312 3183 Decem-

41 3208 182 3274 Uhristns
204 3220 293 3275 natus
317 3220 366 3274 est
388 3219 421 3273 et
442 3212 542 3274 Maria
563 3213 718 3293 transegit
738 3213 942 3293 puerperium,
968 3230 1026 3293 quo
1039 3211 1163 3272 finiente
1178 3209 1262 3290 Magi
1276 3224 1314 3274 ex

41 3307 83 3361 rte
99 3300 263 3362 adfuerunt
276 3301 497 3376 inBethleem3
513 3301 659 3383 simulque
677 3308 709 3363 et
723 3301 767 3364 illi
783 3309 815 3363 et
829 3301 983 3382 Josephus
1000 3320 1066 3362 oum
1079 3299 1180 3364 Maria
1195 3300 1313 3362 disc'es-

41 3397 71 3450 ot
80 3407 128 3450 ex
143 3390 253 3471 oppido
267 3390 437 3465 Bethleem,
451 3390 495 3453 illi
510 3390 542 3453 in
558 3391 714 3465 orientem,
729 3391 882 3470 Josephus
898 3410 964 3453 cum
973 3389 1073 3453 Maria
1080 3389 1313 3470 ierosolymam,
1403 3446 1404 3457 ,

47 3479 215 3558 operaturi.
255 3479 470 3561 ierosolymis
486 3480 580 3560 igitur
609 3488 847 3542 cousentaneum
871 3486 920 3541 est
944 3479 1059 3541 somnio
1084 3479 1230 3541 monitum
1254 3478 1312 3540 Jo-

41 3587 95 3628 um
108 3575 146 3629 ut
161 3569 293 3648 fugeret,
312 3569 511 3650 ierosolymis
526 3568 558 3630 iu
572 3571 750 3650 Aegyptum
770 3569 881 3632 abiisse
902 3568 984 3630 credi
999 3587 1055 3648 par
1069 3575 1130 3641 est,
1153 3586 1191 3628 ue
1211 3565 1311 3628 reditu

41 3675 87 3717 sm
101 3656 135 3717 in
149 3657 311 3720 Bethleem
325 3658 422 3720 facto:
445 3676 501 3720 nec
515 3658 707 3731 incredibile,
726 3657 888 3720 transiisse
903 3657 972 3720 illos
988 3657 1131 3736 oppidum
1145 3654 1312 3729 Nasareth,

41 3752 132 3806 autes
150 3746 382 3821 Ptolemaidem,
411 3754 446 3808 nt
467 3747 537 3808 inde
560 3746 631 3809 navi
651 3753 849 3827 portarentur
872 3746 904 3808 in
925 3747 1110 3833 Aegyptum.
1155 3746 1234 3807 Nam
1256 3762 1311 3823 per

41 3834 126 3896 stias
145 3834 353 3897 Idumaeorum
373 3835 520 3898 montium
540 3845 573 3897 et
593 3836 709 3898 aridum
727 3836 788 3898 iter
809 3843 877 3899 erat
896 3843 928 3896 et
942 3835 1142 3914 periculosum
1158 3833 1196 3895 oh
1213 3833 1310 3895 latro-

41 3969 50 3984 .
72 3918 77 3925 “
98 3923 208 4004 Itaque
223 3925 272 3986 vel
287 3932 413 4006 propter
427 3924 507 3986 hunc
522 3925 686 3986 transitum
705 3943 761 4005 per
775 3923 931 3987 Nasareth
946 3921 1106 4002 Galilaeae
1122 3921 1170 3983 vel
1186 3929 1311 4002 propter

41 4010 99 4073 uod
114 4022 188 4092 post
201 4013 332 4076 reditum
347 4033 386 4075 ex
400 4015 546 4095 Aegypto
562 4014 678 4085 factum
694 4013 758 4088 fuit,
774 4014 901 4094 legimus
916 4011 1018 4074 Lucae
1035 4013 1063 4072 2.
1079 4027 1158 4073 vers.
1174 4010 1234 4074 39:
1265 4009 1311 4076 Et

41 4103 212 4182 ejecerant
224 4102 444 4185 Hierosolymis
467 4104 573 4166 omnia
587 4103 757 4165 secandam
773 4100 1033 4184 legemDomiai,
1051 4100 1168 4162 reversi
1186 4107 1258 4161 most
1276 4101 1311 4163 s'a

41 4187 152 4252 haam
176 4192 211 4265 ia
237 4192 390 4254 aramum
414 4212 505 4254 suam
524 4191 697 4255 Nazareth.
741 4191 811 4259 Etsi
832 4210 893 4253 non
913 4191 1056 4253 inscitam
1073 4188 1206 4251 fabulam
1226 4208 1310 4251 com-

41 4296 68 4340 *a
83 4287 135 4341 cst
149 4278 330 4362 antiquitas,
350 4282 510 4344 transiisse
526 4289 672 4360 parentes
689 4277 806 4346 Christi
822 4279 980 4361 angustias
995 4277 1077 4351 illas,
1098 4284 1130 4339 et
1150 4288 1217 4338 cum
1231 4277 1309 4351 iuci-

41 4376 81 4428 urt
100 4368 132 4429 in
147 4369 283 4432 latrones
298 4371 436 4444 Arabes,
458 4389 550 4432 unum
571 4389 610 4432 ex
629 4370 755 4453 ducibus
775 4370 926 4431 latronum
941 4366 1134 4452 juvenculum
1153 4366 1309 4429 misertum

41 4455 101 4517 iet
113 4476 282 4538 puerperae
298 4460 409 4522 ceteris
426 4467 582 4522 auctorem
597 4454 706 4532 fuisse,
721 4477 760 4520 ne
778 4458 848 4538 quid
864 4458 924 4521 illis
940 4463 1097 4529 nocerent,
1118 4462 1209 4535 atque
1225 4456 1309 4521 illum

41 4563 148 4607 ¹:runos
163 4547 207 4610 35
228 4556 351 4627 captum
365 4568 426 4611 una
442 4567 508 4610 cum
525 4547 650 4612 Christo
667 4549 761 4611 fuisse
778 4547 950 4615 crucifixum
967 4546 1052 4627 eique
1068 4562 1185 4605 rursum
1200 4544 1308 4624 poeni-

41 4630 212 4697 iOhristum
228 4636 357 4704 dixisse:
383 4636 476 4700 hodie
490 4658 609 4699 mecam
624 4638 687 4699 eois
700 4637 736 4699 ia
748 4636 914 4718 paradiso.
935 4667 980 4680 —
1023 4633 1175 4713 Josephus
1198 4641 1309 4697 exacto

41 4721 241 4809 oiuAegypto
257 4742 325 4788 cum
339 4732 475 4789 mortuus
492 4733 577 4789 essct
590 4726 730 4788 Herodes
746 4726 833 4806 eique
848 4725 930 4787 intra
946 4732 1092 4787 semestre
1109 4723 1308 4788 successisset

41 4804 129 4895 iudaea
143 4812 221 4876 fllius
235 4814 421 4878 Archelaus:
443 4816 581 4879 mambra
600 4817 640 4879 ab
656 4812 777 4896 capelo,
793 4820 932 4877 matos
946 4833 1026 4885 esse,
1043 4813 1097 4894 qai
1111 4812 1308 4893 quaesierant

232 4919 234 4924 ’
804 4910 807 4919 ⁴
1045 4915 1097 4967 22·
