3142 5476
154 318 158 333 ,
207 234 270 303 12ss
548 311 554 325 β
613 235 724 328 Ἰιιιιιιι
735 255 840 322 Keplori
851 255 1117 322 elhmquomutuae

291 398 380 480 Rogo
396 405 513 472 antem,
527 403 562 460 ut
577 396 742 478 significes,
764 419 804 461 an
820 405 944 462 exstent
958 399 1118 480 Porphyrii
1131 394 1350 482 commentaria
1364 398 1397 462 in
1411 400 1538 462 Harmo-

204 487 284 551 niam
304 487 483 551 Ptolemaei
496 495 528 548 et
550 486 576 548 ιι
596 495 735 561 exstant,
757 507 910 591 quousque
931 489 1179 569 progredientur;
1208 507 1278 550 num
1302 488 1431 551 ulterius
1456 507 1541 570 quam

203 595 301 639 meum
323 577 475 658 exemplar
494 576 587 638 mse?
623 577 756 640 Meditor
778 577 856 639 enim
879 577 1056 652 editionem,
1083 578 1138 640 sed
1159 577 1237 639 male
1262 597 1309 639 me
1333 577 1443 651 habet,
1467 576 1542 659 quod

203 684 302 728 meum
317 666 470 747 exemplet
484 684 621 727 mancum
628 675 698 741 .,eat
721 665 779 729 nisu
771 666 926 730 ἰοιιιιιι
942 685 1002 729 ιιι
1016 666 1143 771 ulterius
1164 665 1207 728 sit
1228 674 1451 730 commentatus
1465 666 1541 728 Por-

202 755 338 837 phyrius.
770 772 774 786 ⁴

290 843 412 906 Literas
428 843 467 905 ad
481 843 671 911 Ammonium
687 843 863 906 commenda
883 851 993 924 postae
1009 843 1176 905 Viennensi
1199 851 1253 905 aut
1267 843 1431 907 tabellario
1446 843 1542 906 Vien-

203 932 299 1008 nensi,
314 931 427 1014 quitor
443 933 604 1013 quotannis
618 933 703 994 uenit
716 932 967 1013 Argentoratum
1010 933 1048 996 D.
1067 932 1116 995 ll.
1125 932 1200 994 Dec.
1218 931 1311 996 1614.

295 1109 328 1173 S.
342 1110 376 1172 Ρ.
392 1110 431 1173 D.
462 1109 636 1174 clarissime
651 1110 722 1185 Vir,
742 1109 849 1174 Amice
864 1128 999 1190 percare.
1034 1107 1166 1190 Scripsit
1187 1111 1227 1172 ad
1247 1128 1295 1172 me
1310 1111 1348 1172 D.
1363 1110 1542 1173 Ammonius

203 1198 461 1262 et·stomachatur
477 1200 515 1262 ob
531 1200 652 1273 literas,
675 1219 750 1282 quas
766 1199 796 1260 ni
811 1197 900 1261 fallor
916 1197 1043 1262 Octobri
1057 1217 1161 1271 menae
1177 1199 1217 1260 ad
1231 1217 1279 1261 me
1294 1199 1437 1274 miserat,
1460 1200 1500 1262 ad
1514 1208 1543 1262 te

203 1296 236 1350 et
249 1287 341 1351 filium
357 1287 420 1368 ejus
437 1307 496 1350 uon
512 1288 717 1351 transmissas.
743 1287 831 1350 Scias
846 1287 958 1369 itaque,
973 1288 1042 1350 illas
1057 1307 1116 1350 non
1132 1307 1201 1350 mea
1212 1287 1335 1372 incuria,
1351 1289 1405 1350 sed
1421 1296 1544 1369 propter

203 1377 407 1447 confusionem
423 1396 563 1439 cursuum
575 1376 777 1458 publicorum,
800 1395 875 1457 quae
891 1383 1059 1439 consecuta
1077 1384 1126 1438 est
1141 1376 1307 1438 discessum
1322 1375 1478 1452 Caesaris
1492 1397 1544 1459 per

201 1467 352 1547 integrum
370 1485 504 1528 mensem
524 1465 555 1528 in
573 1466 649 1528 meis
668 1467 805 1528 haesisse
821 1465 958 1539 aedibus,
979 1466 1050 1527 dum
1065 1474 1209 1546 exspecto
1225 1466 1428 1547 Tubingensis
1444 1466 1543 1529 tabel-

202 1555 271 1618 larii
286 1555 415 1618 reditum
431 1574 470 1617 ex
484 1556 619 1618 Austris.
665 1552 763 1626 Quem
777 1562 938 1637 postquam
953 1561 1214 1635 praetergressum
1227 1563 1384 1635 putassem
1399 1555 1544 1630 Lincium,

187 1644 309 1721 literae
331 1644 401 1706 illas
422 1643 559 1706 ministro
581 1663 648 1719 meo
671 1645 739 1706 dedi
761 1644 912 1707 Viennam
927 1644 1195 1724 transportandas,
1217 1644 1286 1725 qnia
1305 1644 1463 1707 ferebatur
1476 1644 1543 1706 inde

128 1789 130 1797 ,
204 1732 380 1795 tabellarius
395 1733 597 1819 Argentinam
614 1733 713 1795 iturus
728 1732 807 1795 circa
822 1733 947 1794 natalia.
991 1731 1079 1813 Rogo
1096 1732 1207 1814 itaque,
1226 1732 1264 1795 D.
1279 1733 1496 1804 Ammoninm
1487 1752 1543 1796 rm-

92 1857 94 1862 *
202 1822 322 1903 primis,
346 1822 453 1884 deinde
477 1821 568 1884 etiam
589 1841 637 1884 me
658 1822 774 1888 habeas
797 1829 981 1884 excusatum
1026 1821 1226 1902 'lhhiugensis
1249 1816 1369 1904 quidem
1389 1823 1440 1897 ille
1456 1822 1544 1904 paulo

123 1972 127 1979 ,
201 1917 274 1992 post
289 1912 328 1973 ad
342 1930 390 1973 me
406 1911 505 1985 rediit,
522 1911 576 1973 sed
591 1911 722 1973 literae
709 1930 774 1991 Jam
790 1918 880 1973 erant
892 1911 1040 1972 Viennae.

224 2000 425 2063 Libellus
448 2001 485 2062 de
507 1999 613 2063 Natali
639 1998 755 2088 Christi
780 2021 799 2061 ι
821 2007 854 2062 ιι
879 2007 1002 2098 curatus
1022 2007 1072 2062 est
1095 1997 1223 2108 optime,
1247 1999 1365 2080 gratias
1389 2019 1450 2081 ago
1473 2019 1543 2082 per·

200 2107 368 2240 magupqt
337 2185 369 2240 to
385 2196 432 2240 me
450 2152 657 2259 superioribus
668 2169 854 2257 temporibus
877 2177 917 2238 ad
932 2185 963 2238 te
986 2175 1144 2258 scripsisse
1165 2177 1202 2238 de
1219 2175 1452 2255 Commentariis
1466 2178 1544 2240 Por-

75 2250 80 2259 *
202 2267 332 2350 phyrii
324 2287 353 2329 uu
369 2267 554 2329 Harmonice
567 2265 735 2329 Ptolemaei
752 2263 896 2340 Graecis,
919 2285 957 2327 ιι
977 2265 1031 2328 illa
1045 2253 1239 2329 habeantur
1230 2287 1262 2328 ιι
1278 2267 1464 2330 bibliotheca
1478 2266 1544 2330 Da-

204 2355 388 2437 sypodiana,
410 2362 442 2417 et
458 2354 658 2429 orbabantur,
674 2373 827 2436 quousque
844 2339 1078 2432 continuentur?
1109 2351 1245 2431 Quaeso,
1268 2356 1293 2417 si
1309 2364 1411 2437 potes,
1435 2356 1484 2420 hic
1499 2375 1545 2418 mo

181 2445 336 2549 ἰιιιιιιι.
366 2442 466 2548 Urget
482 2443 553 2506 edit
531 2451 643 2506 tionem
651 2444 862 2506 Maecenatem
878 2462 1011 2506 meorum
1025 2443 1057 2506 iu
1070 2443 1204 2506 Bavaria
1219 2444 1347 2525 quidam,
1362 2445 1546 2508 Herwardus

188 2535 332 2609 ¹nomine,
348 2535 397 2616 qni
414 2534 567 2615 exemplar
579 2531 730 2595 Graecum
739 2532 811 2595 mihi
822 2523 1030 2616 commodavit,
1046 2533 1125 2613 quod
1141 2533 1275 2595 desinit
1266 2554 1296 2595 ιι
1313 2553 1378 2615 cap.
1388 2529 1417 2598 7.
1433 2534 1547 2598 librili.

204 2621 363 2686 Ceteram
379 2623 447 2686 aliis
462 2621 568 2685 literis.
599 2622 678 2684 Vale
703 2628 735 2684 et
750 2640 807 2703 qno
829 2621 895 2685 loco
912 2621 974 2684 sint
988 2640 1038 2684 ιιι
1054 2630 1140 2696 tuae,
1163 2622 1202 2684 ad
1216 2641 1264 2684 me
1279 2623 1444 2703 perscribe
1480 2623 1546 2726 Ego

201 2730 259 2794 per
274 2711 334 2775 Dei
348 2712 480 2794 gratiam
501 2711 551 2774 hio
567 2711 644 2773 satis
661 2711 814 2797 commode
831 2710 917 2791 dego.
952 2710 991 2772 D.
1006 2710 1226 2773 Ammoninm
1213 2711 1363 2793 juniorem
1383 2712 1528 2777 saluto
1502 2731 1546 2775 ιι-

201 2819 258 2884 qno
275 2809 347 2882 opto
363 2801 532 2883 profectum
547 2801 578 2863 in
594 2800 703 2863 studiis
720 2808 752 2863 et
766 2800 937 2862 virtutibus.
981 2797 1079 2871 Linoii
1094 2800 1121 2862 d.
1139 2800 1188 2883 14.
1197 2801 1286 2863 Febr.
1303 2800 1396 2883 1615.

289 2976 322 3041 S
336 2979 370 3041 P
386 2979 424 3040 D
454 2979 624 3059 Pergratae
647 2977 719 3039 mihi
741 2986 812 3039 tuae
824 2977 864 3039 li
851 2984 936 3040 ιιιιι
952 2976 1049 3052 luere,
1072 2977 1177 3058 quibus
1193 2976 1387 3057 significasti,
1408 2979 1546 3042 redditas

200 3067 310 3132 tibiD.
325 3051 477 3130 Ammouii
499 3067 605 3129 literas
629 3086 695 3129 cnm
716 3086 784 3139 mea
807 3066 928 3129 scheda.
964 3067 1044 3128 Nam
1060 3065 1266 3169 expostulavit
1286 3086 1402 3129 mecum
1416 3069 1547 3131 Ammo·

40 3144 57 3160 ”
124 3221 127 3225 ,
201 3158 271 3220 nius
292 3175 347 3237 per
369 3155 489 3230 literas,
514 3156 592 3237 quod
614 3155 734 3219 interim
759 3176 779 3216 a
800 3162 831 3216 te
855 3155 1015 3235 epistolam
1033 3155 1215 3258 recepisset,
1236 3156 1267 3217 ιι
1291 3175 1349 3237 qua
1371 3157 1457 3219 nulla
1481 3168 1548 3220 erat

203 3234 322 3309 illarum
336 3245 492 3307 literarum
507 3246 628 3308 mentio.
650 3245 766 3348 Itaque
781 3243 920 3305 liberasti
935 3263 982 3307 me
999 3244 1121 3306 crimine
1137 3243 1361 3347 negligentiae.

289 3333 422 3396 Titnlnm
438 3334 537 3414 operis
553 3333 658 3396 musici
673 3333 741 3395 misi
757 3340 842 3394 recta
856 3333 1008 3394 Viennam
1026 3333 1065 3395 ιιι
1082 3352 1226 3394 summum
1240 3333 1370 3417 musices
1385 3338 1548 3438 patronum

203 3422 401 3503 Wegherium
417 3425 597 3493 machomum)
616 3423 674 3485 mei
697 3421 950 3495 amantissimum,
972 3440 1027 3484 ιιι
1050 3422 1206 3503 quicquam
1222 3422 1339 3498 dubito,
1362 3424 1433 3505 quin
1449 3424 1547 3505 impe-

201 3522 315 3575 tremus
337 3510 533 3592 privilegium.
571 3512 652 3574 Mira
673 3518 775 3573 tamen
789 3519 894 3572 vestra
910 3516 958 3572 est
976 3510 1143 3585 festivitas,
1166 3511 1215 3596 qui
1235 3511 1321 3574 nobis
1337 3514 1549 3577 transmittitis

201 3601 336 3682 tripudia
351 3608 383 3662 et
399 3607 521 3674 cantus,
544 3619 609 3662 cnm
626 3619 681 3662 nos
696 3599 776 3661 haud
792 3599 927 3662 obscuris
942 3599 1060 3661 indiciis
1080 3599 1111 3661 in
1133 3620 1188 3661 vos
1205 3600 1369 3680 dirigamus
1392 3610 1548 3666 tormenta

200 3690 319 3754 bellica.
364 3689 444 3752 Nam
459 3689 561 3764 miles,
583 3709 670 3771 quem
686 3708 724 3751 ex
738 3688 866 3751 Austria
882 3688 997 3767 colligit
1011 3689 1166 3768 Hispanus
1188 3697 1385 3770 promovente
1403 3689 1548 3766 Caesare,

203 3779 262 3841 etsi
278 3779 337 3841 fert
324 3786 373 3840 tur
388 3776 419 3840 in
434 3778 555 3840 Italiam
569 3778 769 3858 prolecturus,
795 3777 901 3839 leviori
916 3783 1019 3839 tamen
1035 3796 1128 3857 opera
1144 3785 1175 3839 et
1189 3778 1295 3858 majori
1311 3779 1446 3859 partium
1462 3800 1547 3843 emo-

201 3869 337 3931 lumento
358 3870 465 3929 eustos
485 3866 603 3947 alpibns
626 3867 787 3969 apponitur
811 3873 881 3927 cont
883 3886 917 3928 ra
868 3866 1056 3928 tProtest
1043 3874 1163 3942 tan,tes
1188 3874 1242 3929 ant
1264 3887 1375 3931 cuneus
1399 3869 1493 3931 etiam
1509 3870 1548 3932 ad

200 3957 270 4020 illas
286 3955 476 4037 aperiendae,
493 3954 519 4017 ιι
533 3974 609 4036 pace
625 3955 655 4017 in
670 3955 762 4018 Italia
777 3955 861 4017 lacta
876 3955 1028 4075 exercitus
1043 3954 1086 4017 illi
1101 3955 1279 4018 traducendi
1294 3957 1429 4019 fuerint
1420 3978 1453 4021 un
1464 3956 1546 4021 Ger-

80 4102 84 4115 .
199 4046 339 4112 militm

287 4132 480 4208 Harmonice,
496 4133 533 4195 de
549 4133 656 4214 quihus
672 4132 789 4208 scribis,
803 4132 963 4214 Porphyrii
979 4133 1069 4214 plane
1086 4133 1191 4195 eadem
1208 4140 1279 4195 sunt
1294 4152 1360 4197 curn
1377 4136 1548 4238 exemplari

200 4243 276 4300 meo,
293 4223 372 4306 quod
387 4223 497 4285 ibidem
513 4222 633 4327 desinit,
649 4222 743 4305 quod,
765 4222 823 4284 nisi
839 4241 877 4284 ex
891 4222 1142 4303 Heidelbergensi
1156 4223 1244 4302 plura
1259 4224 1466 4311 apparuerint,
1486 4245 1550 4290 uon

201 4313 330 4395 amplius
347 4311 505 4386 dubitabo,
528 4311 598 4393 quin
613 4312 663 4374 hic
678 4309 847 4375 cessaverit
860 4311 1054 4392 Porphyrius.
1091 4312 1193 4373 Meum
1215 4330 1254 4373 ex
1275 4305 1460 4391 Sambucino
1477 4334 1549 4380 cor·

201 4411 318 4465 rectum
341 4410 404 4476 est,
429 4400 612 4464 Sambncum
634 4418 707 4463 vero
733 4400 872 4462 existimo
897 4419 982 4462 sunm
1007 4399 1162 4480 exemplar
1183 4419 1222 4462 ex
1242 4401 1377 4464 Budensi
1401 4402 1549 4467 habuisse

201 4492 394 4556 bibliotheca.
431 4491 538 4573 Itaque
561 4508 618 4570 age
642 4496 678 4551 ut
698 4489 863 4565 videbitm;
878 4490 987 4552 ‘habes
1009 4487 1201 4550 tabellarium
1225 4497 1356 4566 certum,
1377 4509 1435 4572 per
1459 4511 1551 4576 quem

199 4582 323 4645 mittere
344 4580 474 4662 poteris,
497 4580 523 4643 si
539 4597 642 4642 carere
665 4578 820 4659 aliquanto
835 4586 971 4659 tempore
991 4586 1046 4641 tuo
1062 4577 1200 4639 volueris
1237 4579 1317 4642 Nam
1332 4596 1411 4644 nunc
1426 4583 1556 4664 quidem*

122 4679 124 4687 ’
200 4670 273 4732 mihi
288 4688 348 4733 non
361 4678 462 4745 vacat,
478 4669 644 4733 differenda
658 4669 733 4731 haec
749 4687 842 4748 opera
856 4667 887 4730 in
903 4674 1064 4750 sequentes
1080 4684 1176 4731 annos
1192 4665 1219 4728 si
1233 4668 1354 4744 vixero3
1375 4671 1403 4734 ιι
1417 4673 1551 4749 miseris,

203 4777 348 4840 reponam
369 4759 400 4823 in
423 4759 533 4838 scrinio
554 4757 636 4840 apud
659 4757 813 4839 exemplar
827 4757 1016 4839 Bavaricnua
1040 4754 1127 4820 Satis
1141 4753 1261 4836 quidem
1278 4778 1302 4828 ,ι
1317 4765 1348 4824 te
1363 4762 1552 4841 praestitum
