3142 5482
210 220 273 282 560
780 213 866 264 Prima
876 213 952 271 Pars.

209 391 263 455 Fll
286 396 318 454 et
342 395 456 454 cetera.
501 391 559 456 Est
580 387 678 470 igitur
706 387 818 457 eadem
845 387 982 453 altitudo
1004 385 1242 469 tetraddrorum
1266 384 1384 460 ABCF,
1407 385 1508 452 ABCL:

209 484 286 544 suut
307 479 405 561 igitur
427 478 608 560 aequalia..
632 473 695 541 Sed
717 477 824 543 ABCF
848 483 896 542 eat
925 477 1022 542 tertia
1052 480 1129 561 pars
1152 476 1329 558 -prismatis
1352 474 1509 553 sacrun
1567 472 1571 486 ’

210 589 284 649 erge
308 575 340 631 ct
362 567 470 631 ABCL
493 567 632 631 e'usdem
656 567 755 629 tertia
777 588 852 649 pars
876 571 933 631 est.
980 563 1131 629 Similiter
1161 585 1240 628 rere
1271 564 1412 629 secunda
1432 586 1509 648 pyra·
1567 620 1570 629 ,

209 656 304 722 midis
327 677 406 737 pars
425 591 532 721 ACEl
555 654 686 720 secundi
714 656 892 737 prismatis,
923 659 955 718 et
977 654 1074 720 tertia
1095 650 1205 717 ECDL
1237 655 1329 718 tertii
1363 655 1511 736 priematia

209 746 325 808 tertiae
348 751 423 807 suut
445 751 565 825 partes:
589 750 659 807 teta
674 742 770 823 igitur
792 743 933 827 pyramis
957 743 1055 808 totius
1071 741 1237 808 columnae
1254 744 1355 806 tertia
1374 762 1447 824 pam
1466 752 1512 813 est.

210 838 242 897 et
263 833 342 896 haec
365 832 450 896 illius
472 853 548 914 ergo
569 832 711 915 triplum.

400 960 444 1013 pp,
458 963 478 1005 4,
700 970 724 1007 3
758 919 878 985 Eodem
908 940 986 984 vero
1006 917 1136 982 modo·
1152 923 1186 982 et
1218 916 1343 996 MNOP
1382 918 1514 1000 cylinder,

408 1028 410 1030 ·
539 1027 542 1033 ’
673 1011 764 1092 cujus
787 1007 878 1072 bases
900 1007 964 1084 MN
989 1015 1021 1072 et
1041 1007 1095 1072 ΟΡ
1117 1006 1304 1091 parallelae,
1330 1016 1444 1090 aequat
1463 1014 1515 1070 tres

668 1113 765 1162 conos
798 1095 907 1177 MNQ3
949 1098 1066 1161 vertice
1096 1094 1123 1172 Q
1156 1095 1198 1161 ad
1233 1098 1414 1178 ¹superioris
1445 1095 1515 1160 hosis

604 1203 622 1245 o
666 1184 800 1268 planum
831 1186 1069 1269 pertingentes,
1105 1191 1139 1248 et
1171 1184 1308 1249 eandem
1343 1184 1433 1249 basin
1463 1184 1514 1248 llli

668 1272 832 1338 habentes.
877 1273 1114 1339 Demonstratio
1134 1274 1217 1338 euim
1239 1273 1409 1356 analogice
1430 1273 1515 1372 applij

276 1247 420 1637 'k
434 1264 606 1635 ἠ
668 1362 735 1426 cari
758 1351 868 1427 eadem
883 1368 999 1444 potest,
1024 1362 1051 1426 si
1065 1361 1260 1446 perpendae,
1286 1362 1451 1441 circulmn,
1472 1382 1515 1443 qm
1568 1358 1570 1363 ⁴

668 1448 753 1513 basis
777 1455 826 1515 est
849 1450 980 1532 cylindri
1002 1457 1035 1515 et
1058 1452 1141 1528 coni,
1165 1452 1198 1515 in
1221 1449 1354 1515 infinita
1375 1450 1515 1532 trianprla

268 1621 270 1628 Ι
291 1331 567 1771 ⁸
667 1558 707 1602 ex
730 1545 838 1604 centro
861 1538 967 1619 dividi,
990 1538 1106 1621 quibus
1121 1538 1259 1603 totidem
1277 1540 1437 1622 prismata
1454 1539 1514 1603 toti·

597 1646 628 1693 rr
668 1626 802 1709 demque
831 1632 941 1711 partes
971 1627 1042 1694 coni
1077 1633 1285 1711 superstant,
1320 1628 1385 1693 illa
1413 1629 1443 1694 in
1468 1648 1515 1692 are

612 1734 613 1737 ¹
667 1714 810 1820 cylindri,
833 1716 893 1781 hae
915 1717 948 1781 in
971 1711 1039 1781 axe'
1053 1717 1124 1782 coni
1147 1716 1388 1785 convenientes.
1473 1756 1475 1762 ·

752 1909 926 1976 Theorcma
947 1909 986 1976 V.
1045 1952 1047 1955 -

210 2029 399 2113 Superficics
421 2051 516 2096 creora
543 2033 613 2097 coni
639 2034 817 2116 rectanpuli
846 2035 995 2116 inscripti
1018 2028 1254 2116 'lrcmiephaerio
1278 2034 1514 2116 ‘est-semidea

143 2121 147 2136 ⁶
210 2120 327 2207 luscos,
350 2141 406 2185 sou
430 2122 543 2209 circuli
567 2122 701 2186 ococimi
723 2123 759 2187 io
779 2123 929 2204 sphoera,
957 2124 1095 2192 dioridia
1121 2125 1236 2208 boscos¹
1259 2126 1333 2190 coni
1359 2122 1516 2207 rectooocli

575 2279 576 2293 ¹
674 2212 761 2277 circo
786 2212 1062 2310 lremisphocrium.

298 2331 441 2416 Sphaera
456 2334 537 2400 BDC
557 2339 680 2402 secetur
694 2336 792 2420 plano
808 2358 865 2422 per
880 2342 1024 2403 centrum
1038 2337 1075 2416 A,
1098 2343 1131 2403 et
1145 2338 1244 2403 sectio
1259 2336 1315 2403 BC
1331 2337 1516 2403 continuetur

310 2423 320 2444 ”
505 2435 550 2491 Pis·
564 2438 585 2481 ⁵·
884 2426 1037 2510 fiantque»
1051 2425 1115 2492 duo
1136 2428 1206 2493 mni
1233 2427 1429 2510 rectanguli,
1451 2425 1517 2489 alter

539 2559 544 2572 .
879 2521 965 2581 totus
984 2536 985 2539 ’
1001 2514 1089 2580 intra
1128 2514 1406 2598 hemisphaerium
1440 2512 1515 2590 Βῦὒ,

880 2608 969 2690 cujus
1002 2604 1073 2678 axis
1097 2610 1186 2673 recta
1206 2604 1266 2668 AD
1289 2625 1332 2669 ex
1363 2606 1516 2680 control

879 2690 1037 2759 diametro
1085 2692 1387 2777 perpendicularis,
1429 2692 1520 2774 sitque*

803 2810 805 2815 ¹
879 2777 1530 2867 BDG‚basinB0etrerticemDeundem

837 2916 839 2919 ψ
880 2870 1002 2936 habens
1039 2891 1110 2936 cum
1146 2866 1408 2953 hemisphaeri03
1449 2870 1520 2937 alter

763 2982 764 2989 ¹
880 2965 1072 3025 totusextra
1082 2958 1366 3042 hemisphaerium,
1378 2959 1520 3047 stringens

879 3048 962 3114 illud
973 3047 1099 3126 mediae
1117 3069 1195 3114 suae
1216 3047 1408 3131 superficiei
1428 3048 1518 3113 lateri·

819 3145 839 3192 l
881 3137 958 3218 bus,
986 3156 1069 3218 quae
1090 3138 1155 3201 sint
1176 3135 1252 3215 EG,
1276 3135 1356 3219 FG,
1379 3135 1519 3220 parallelo

762 3306 764 3310 Ι
880 3226 956 3308 ipsis
979 3225 1049 3304 BD,
1075 3223 1145 3304 Ul),
1177 3224 1302 3289 habeus
1335 3224 1518 3290 verticemd

250 3358 257 3378 2
570 3368 576 3392 ,
704 3330 718 3407 j
884 3315 918 3380 in
932 3335 992 3389 axe
1011 3314 1125 3396 prioris
1139 3314 1197 3379 ΑΙ)
1217 3313 1421 3393 continuato,
1442 3312 1518 3378 basin

211 3400 286 3470 vero
302 3403 356 3469 EF
375 3405 407 3469 in
423 3404 519 3488 plano
531 3405 700 3488 sphaeram
720 3410 854 3469 secante.
890 3402 971 3469 Cum
991 3402 1089 3487 igitur
1102 3402 1158 3467 ΒΑ
1177 3407 1209 3490 et
1220 3401 1281 3468 AD
1292 3404 1361 3468 sint
1374 3402 1518 3486 aequales,

211 3499 313 3558 erunt·
330 3494 424 3557 etiam
447 3494 502 3559 ΕΑ
524 3495 755 3560 semidiameter
777 3491 863 3558 basis
885 3491 1017 3579 majoris
1040 3497 1072 3557 et
1093 3491 1149 3556 AG
1175 3490 1320 3556 altitudo
1349 3494 1422 3557 ocni
1446 3496 1517 3555 erte

210 3582 302 3646 rioris
324 3582 498 3664 aequales.⁴
528 3583 570 3647 Et
592 3584 668 3667 quia
690 3581 773 3646 ΕΘΓ
795 3586 927 3661 rectus(
944 3582 1005 3646 erit
1029 3580 1127 3664 igitur
1149 3579 1207 3644 EG
1231 3579 1390 3663 quadrati
1416 3578 1518 3645 cirurlu

210 3670 444 3754 circumscripti
465 3672 562 3750 latus,
586 3691 688 3756 eoque
709 3670 856 3753 aequalis
881 3670 1038 3737 diametro
1061 3663 1123 3741 BC.
1169 3666 1234 3733 Sed
1256 3668 1318 3734 EF.
1343 3669 1518 3753 quadratur

210 3759 344 3841 aequale
373 3764 421 3824 est
450 3759 575 3825 duobus
606 3759 770 3842 quadratis
799 3758 857 3823 EG
886 3761 919 3822 et
948 3757 1019 3836 GF,
1052 3755 1241 3840 aequalibus
1274 3757 1435 3824 diametro
1460 3755 1518 3834 BG;

210 3865 286 3927 ergo
309 3847 505 3930 quadratum
516 3851 569 3914 EF
592 3849 726 3932 duplum
742 3853 796 3913 est¹
811 3847 964 3931 quadrati
978 3845 1048 3912 Bc:
1073 3846 1207 3930 circulus
1230 3846 1332 3930 igitur
1348 3846 1402 3913 EF
1418 3845 1519 3928 duplis

210 3942 259 3999 eet
281 3937 393 4000 circuli
413 3937 476 4002 BG.
522 3937 601 4003 Dico
628 3939 725 4002 etiam
752 3935 991 4026 superficierum
1018 3936 1201 4000 conicarum
1227 3935 1317 3999 inter
1341 3955 1377 4000 se
1400 3955 1516 4019 propor-

210 4023 328 4088 tionem
351 4044 420 4089 esse
442 4024 583 4107 duplam,
606 4032 638 4090 et
652 4026 784 4090 minoris
804 4026 932 4091 conicae
951 4044 1072 4090 curvae
1093 4022 1274 4106 superficiei
1296 4026 1518 4108 proportionem

209 4111 259 4187 ad,
276 4132 393 4177 aream*
413 4113 498 4178 basis
519 4114 571 4179 BC
595 4136 663 4180 esse
692 4113 910 4215 semiduplam.
956 4114 1040 4178 Nam
1060 4132 1119 4196 per
1140 4132 1196 4192 ea,
1227 4133 1315 4194 quae
1342 4113 1431 4181 dicta
1455 4115 1516 4176 sunt

210 4199 329 4265 lheor:
354 4195 410 4280 Il.,
441 4203 663 4285 rectangulum
692 4202 765 4266 sub·
782 4202 1024 4283 semidiametro⁴
1045 4201 1100 4267 AB
1122 4206 1155 4266 et
1177 4200 1438 4267 cucunrlcrenh'a
1461 4206 1519 4264 tola

209 4287 272 4353 Bc·
301 4289 433 4373 duplum
471 4298 520 4355 est
558 4312 652 4357 areae
685 4291 794 4356 circuli
826 4290 891 4355 BC.
947 4290 1076 4360 Eodem·
1103 4285 1179 4356 vero
1214 4291 1314 4355 modo
1355 4291 1515 4371 cademque

172 4388 178 4394 '
210 4377 488 4443 demonstrationis
515 4382 545 4444 vi
574 4380 797 4478 rectangulum
826 4378 887 4443 sub
917 4385 987 4452 tota
1018 4373 1072 4443 BD
1102 4385 1133 4443 et
1147 4365 1152 4377 ’
1166 4385 1239 4445 tota
1273 4376 1517 4447 circumferentia

211 4466 263 4530 BC
286 4474 336 4531 cst
357 4467 490 4550 duplum
513 4471 640 4533 conicae
656 4489 781 4533 curvae
800 4467 978 4552 superficiei
999 4467 1092 4542 Bne.
1126 4466 1235 4544 Quare
1257 4473 1294 4533 ut
1318 4470 1378 4534 ΑΒ
1399 4467 1439 4532 ad
1458 4464 1514 4556 BD,

210 4555 460 4640 eic'superliciee
490 4558 587 4641 plana
618 4556 728 4621 circuli
754 4556 872 4622 BOad
895 4576 1024 4643 cumam
1046 4556 1120 4621 coni
1138 4556 1233 4622 Bne.
1280 4557 1347 4623 Sed
1368 4554 1517 4643 proportio

211 4645 266 4706 ΑΒ
289 4644 331 4708 ad
354 4645 408 4710 Bl)
432 4650 481 4709 est
502 4646 687 4729 semidupla,
712 4647 788 4728 quia
803 4647 1035 4729 quadratorum
1054 4646 1221 4730 proportio
1241 4651 1296 4712 est
1320 4647 1431 4732 dupla3
1453 4661 1516 4724 erge

213 4738 245 4795 et
267 4734 501 4817 superficierum
524 4735 681 4800 dictarum
704 4736 869 4819 proportio
892 4733 1148 4819 est-semidupla.
1194 4734 1239 4801 Et
1262 4736 1342 4822 quia
1363 4729 1513 4802 sunem
