3112 5474
495 235 643 306 331333.
666 235 916 307 3333333333.
1312 223 1377 339 359
1401 227 1405 238 ’

33 382 170 466 Augusti.
215 383 299 464 Ergo
315 379 463 449 31133311
476 381 568 446 inivit
581 401 662 447 3333
676 381 708 448 8.
725 382 774 447 15.
790 380 887 465 Sept,
902 403 1021 449 rursum
1035 382 1125 450 inivit
1139 403 1218 452 3333
1234 384 1309 451 394.
1324 388 1377 452 20.
1394 412 1395 418 ’

34 473 177 554 Augusti:
201 473 339 536 'ihrenus
354 490 426 534 vero
443 472 501 546 311,
520 471 605 534 vices
619 470 684 553 ejus
699 473 792 536 luisse
813 492 893 541 nona
912 474 1034 537 mensis.
1067 473 1194 537 Residui
1214 473 1252 537 10
1268 475 1317 539 vel
1335 476 1373 539 ll

34 563 91 625 dies
113 563 209 625 tribui
230 569 360 642 possunt
381 560 553 624 diversitati
575 562 646 623 anni
661 562 775 624 veteris
798 562 837 625 ab
859 583 938 627 anno
958 561 1088 626 1311333.
1135 562 1169 626 Si
1185 564 1264 628 euim
1279 576 1376 628 annue

32 651 135 716 luisset
148 650 296 725 Lunaris,
315 650 467 713 3331380
489 650 606 713 1331331
625 649 763 731 integros
783 650 885 733 cyclos
900 652 1006 714 Lunae
1026 651 1207 734 pariuntque
1229 672 1295 716 oum
1310 653 1375 717 380

31 740 175 816 13113313,
195 739 310 803 residui
325 738 345 803 6
362 746 434 802 sunt
443 738 510 819 jam
526 737 546 802 6
562 738 668 802 diebus
682 740 838 803 breviores
859 741 987 804 totidem
1001 741 1148 816 Juliauis,
1159 741 1273 823 ’113333
1294 742 1376 805 vices

30 830 131 893 Joarib
150 829 218 910 jam
232 835 459 894 reverterentur
481 828 529 890 14.
539 828 686 908 Augusti:
710 828 881 892 differentia
902 830 1094 910 3333331331,
1113 831 1377 933 3333331333335.

29 918 110 983 Satis
125 919 266 1000 praecise
283 925 433 980 consonat
448 917 590 992 calculus,
607 936 674 979 cum
689 919 859 981 nesciamus
875 919 1003 983 formam
1017 919 1098 982 illius
1114 919 1194 993 3331,
1209 939 1286 1000 3333
1301 939 1375 1002 pro-

28 1008 72 1072 cul
92 1007 333 1070 dubioLunaris
356 1027 416 1069 non
436 1006 506 1080 1311,
528 1005 730 1081 sedSolaris,
752 1006 884 1070 3131133
904 1008 1091 1089 probabitur.
1136 1007 1201 1071 Sed
1221 1008 1378 1091 quiapost

29 1097 232 1161 cessationem
254 1115 399 1159 annorum
420 1090 463 1158 70
479 1094 670 1175 captivitatis
687 1095 829 1160 credibile
845 1105 908 1171 est,
930 1116 1040 1173 novum
1055 1117 1124 1160 esse
1145 1098 1208 1159 fact
1195 1104 1258 1159 tum
1280 1098 1376 1178 ephe-

27 1187 189 1249 meriarum
202 1185 321 1249 initium
337 1185 510 1259 aJoaribo,
532 1183 693 1265 probemus
709 1193 742 1247 31
756 1184 838 1247 11133.
883 1185 1027 1267 Legimus
1043 1186 1122 1248 enim
1140 1186 1155 1248 l
1173 1186 1247 1248 Esd.
1263 1187 1293 1249 3.
1308 1206 1337 1248 v.
1347 1184 1377 1261 6,

28 1275 106 1356 quod
127 1294 209 1338 anno
225 1275 356 1349 reditus,
379 1274 463 1353 cujus
483 1273 601 1335 initium
621 1293 675 1351 seu
697 1274 809 1336 mensis
828 1274 927 1337 Nisam
948 1275 1085 1338 cecidit'
1077 1296 1107 1337 m
1128 1295 1240 1340 annum
1261 1274 1377 1357 1.(1131

26 1364 208 1445 Babylonici
231 1363 332 1444 regui,
354 1362 401 1424 die
427 1363 453 1425 l.
476 1361 589 1424 mensis
609 1362 733 1443 'septimi
753 1362 854 1444 posito
877 1363 969 1426 altari
984 1364 1141 1445 coeperint
1161 1365 1268 1428 offerre
1287 1365 1377 1427 holo-

28 1461 143 1518 causta.
175 1452 226 1515 Ab
248 1452 317 1514 hinc
333 1471 427 1534 usque
444 1451 482 1512 ad
499 1449 549 1513 39.
565 1451 807 1515 Julianumsunt
823 1452 893 1514 3331
910 1453 983 1516 530.
1019 1454 1117 1516 Aufer
1135 1449 1376 1516 duasuirroauru·

26 1564 143 1611 3333313
152 1540 353 1622 periodorum,
367 1540 542 1603 scilicetbis
553 1541 626 1616 224,
642 1547 764 1603 restant
778 1540 850 1603 3331
866 1540 917 1617 82,
934 1542 984 1622 qui
1000 1542 1117 1605 addunt
1132 1534 1224 1623 supra'
1237 1542 1379 1624 periodos

26 1630 218 1734 ephemerias
236 1630 299 1692 fere
316 1624 345 1693 7.
375 1631 482 1710 Itaque
499 1628 526 1692 si
542 1648 621 1691 anno
637 1638 709 1692 ante
725 1648 829 1693 aeram
844 1638 982 1694 nostram
998 1626 1072 1695 537.
1088 1631 1135 1701 die
1151 1631 1247 1712 primo
1264 1631 1378 1694 mensis

28 1720 152 1822 septimi
168 1719 256 1782 inivit
270 1718 387 1795 133311,
403 1738 481 1780 auno
499 1717 633 1798 ejusdem
649 1738 739 1782 aerae
755 1714 785 1794 7,
800 1720 859 1782 hoc
875 1727 925 1782 est
939 1719 991 1784 39.
1006 1720 1128 1783 1311333
1145 1720 1192 1782 313
1209 1719 1387 1801 43331131,

28 1807 141 1873 mensis
157 1808 247 1871 inivit
260 1807 361 1871 31133
378 1808 550 1889 ephemeris
567 1815 692 1885 octava,
722 1808 870 1899 siquidem
882 1828 937 1891 per
954 1809 1029 1872 illud
1044 1808 1206 1871 triennium
1226 1809 1375 1872 Antiochi

25 1906 129 1962 stante
146 1896 304 1979 templo
277 1916 359 1958 vrces
374 1915 436 1960 non
450 1897 562 1959 fuerint
578 1897 788 1978 intermissae.
812 1888 871 1962 etsi
892 1907 1018 1979 propter
1040 1904 1190 1960 mutatum
1207 1899 1262 1960 sub
1278 1898 1367 1960 Mao-

27 1987 171 2052 31313313
183 1985 397 2050 Calendarium
404 1984 553 2048 Solonem
562 1985 684 2048 Lunare
702 1982 797 2089 (quod
808 1980 1005 2092 3113333313)
1022 1986 1142 2068 pauculi
1158 1987 1268 2049 diesin
1285 1985 1375 2049 dubio

26 2083 194 2140 versentur.
218 2073 749 2156 1131133113333133333333133313
767 2076 817 2138 11.
828 2075 958 2157 septimi,
974 2077 1023 2160 331
1040 2075 1081 2140 311
1091 2074 1227 2139 October
1237 2074 1376 2140 Julianus

26 2174 96 2247 post
113 2184 205 2247 quam
220 2164 305 2227 locus
321 2172 370 2227 est
386 2163 577 2245 conceptioni
590 2163 734 2239 Joannis,
756 2164 959 2248 incipiuntque
975 2185 1095 2228 menses
1111 2165 1248 2247 quinque,
1270 2163 1377 2246 quibus

26 2253 210 2318 Elisabetha
233 2273 266 2315 se
282 2254 451 2316 abscondit.
495 2254 603 2315 Mense
620 2260 721 2315 autem
738 2262 842 2329 sexto,
864 2256 914 2337 qui
929 2254 1035 2337 incipit
1052 2253 1215 2317 ll.Martii
1230 2273 1309 2318 3333
1325 2253 1376 2315 40.
1470 2252 1483 2281 '

26 2345 134 2408 131333
151 2338 333 2423 (secundum
347 2342 437 2422 hujus
453 2340 561 2404 calculi
576 2338 841 2424 praesupposita),
861 2345 971 2406 missus
987 2352 1036 2406 est
1051 2343 1177 2424 angelus
1194 2341 1321 2406 Gabriel
1337 2341 1376 2404 ad

27 2433 164 2497 Mariam.
194 2432 275 2494 Ecce
290 2439 326 2494 nt
341 2431 407 2493 dies
423 2430 473 2493 25.
489 2431 595 2493 Martii
616 2432 747 2495 medium
762 2432 804 2494 sit
818 2432 931 2496 mensis
948 2433 1036 2495 sexti.
1071 2433 1107 2495 In
1123 2431 1229 2494 diebus
1244 2431 1376 2495 1111333-

27 2542 154 2604 surgens
169 2521 278 2583 Maria
285 2520 362 2583 abiit
377 2539 444 2582 cum
459 2519 655 2582 festinatione
678 2521 718 2583 33
732 2521 943 2584 Elisabetham
960 2530 993 2584 et
1006 2521 1120 2595 mansit
1136 2540 1204 2584 cum
1222 2521 1276 2584 illa
1292 2519 1378 2603 quasi
1501 2534 1503 2537 ’

25 2630 145 2675 menses
162 2618 236 2684 tres,
251 2628 302 2691 333
294 2609 461 2672 finiuntur
475 2609 507 2695 13
524 2608 1377 2690 2513311.3333331133131133131131333311333-

26 2721 79 2782 pus
94 2698 245 2860 pffilileffi.
259 2806 330 2849 vero
353 2786 447 2849 etiam
460 2770 688 2850 Μ33311313333
711 2805 820 2848 novum
836 2786 944 2848 iecerit
965 2762 1082 2863 initium
1104 2785 1342 2868 ephemeriarum
1358 2807 1378 2850 a

25 2879 160 2952 Joaribo,
183 2876 303 2960 quando
319 2876 497 2957 repurgavit
512 2876 665 2956 templum,
684 2874 731 2936 die
749 2875 799 2937 25.
815 2876 927 2938 mensis
944 2861 1098 2939 Chasleu?
1127 2876 1237 2938 Annus
1253 2874 1376 2937 desine-

25 2969 78 3032 bat
96 2965 169 3031 165.
185 2974 257 3028 3313
274 2984 377 3027 aeram
393 2971 539 3039 nostram,
554 2965 632 3026 unde
649 2965 688 3027 33
706 2962 757 3026 39.
766 2964 920 3027 iubenum
937 2964 1125 3027 desinentem
1141 2972 1213 3027 sunt
1227 2964 1297 3026 anni
1315 2964 1378 3028 158
1459 3039 1463 3043 ,
1541 3052 1544 3059 7

21 3059 84 3138 jam
99 3075 206 3119 omnes
221 3054 367 3116 Lunares.
397 3054 470 3116 Fuit
485 3060 587 3116 autem
602 3052 786 3115 novilunium
807 3053 859 3117 illo
878 3052 948 3116 165.
964 3073 1043 3116 3333
1067 3054 1116 3119 313
1133 3049 1183 3118 27.
1198 3053 1377 3119 Decembris

26 3145 145 3229 vesperi
168 3150 201 3206 31
223 3144 270 3205 313
294 3142 345 3206 29.
361 3141 471 3208 03131.
494 3142 623 3223 vesperi.
667 3142 750 3221 Ergo
774 3142 824 3204 25.
842 3141 976 3207 Ohasleu
998 3143 1056 3206 1311
1079 3142 1130 3205 24.
1145 3144 1224 3206 Nov.
1247 3142 1377 3205 circiter.
1435 3179 1438 3191 ›

27 3235 102 3301 Cum
125 3240 228 3296 autem
243 3232 365 3295 finiente
384 3224 455 3295 165.
471 3231 563 3296 litera
585 3230 774 3311 dominicalis
797 3232 839 3294 sit
853 3231 889 3307 Ε,
906 3231 1058 3294 33113113
1071 3231 1145 3294 ‘sunt
1163 3232 1261 3294 1322.
1279 3231 1376 3295 3129.
1433 3238 1434 3241 ’

25 3327 102 3388 Nov.
124 3322 208 3386 Anni
233 3321 304 3384 158.
325 3322 442 3384 131331
463 3321 632 3401 superfluas
656 3320 844 3400 ephemerias
870 3320 919 3382 12.
935 3321 963 3382 3.
983 3319 1009 3383 l.
1040 3320 1085 3385 Ut
1099 3321 1145 3383 ita
1159 3341 1239 3383 anno
1254 3321 1376 3385 1311333

27 3413 76 3478 39.
92 3413 142 3475 313
158 3411 297 3474 21.Νον.
312 3409 436 3473 iniverit
451 3410 625 3484 tredecima,
641 3409 718 3471 unde
729 3409 853 3472 ablatae
869 3409 889 3472 5
906 3429 959 3472 333
976 3410 1040 3473 3133
1051 3410 1093 3473 45
1109 3411 1246 3473 referunt
1260 3410 1378 3474 initium

28 3510 156 3566 octavae
171 3499 271 3564 Abiae
288 3499 340 3563 illo
357 3499 483 3561 333313
502 3493 550 3562 17.
562 3496 715 3563 Octobris.
751 3497 885 3562 Caderet
900 3500 1058 3580 conceptio
1074 3508 1147 3581 post
1162 3501 1213 3561 24.
1224 3497 1377 3575 Octobris,
1417 3513 1420 3519 “

28 3592 104 3654 3333
121 3595 285 3670 supersunt
299 3588 339 3651 33
351 3590 403 3650 20.
410 3587 516 3650 Martii
532 3607 650 3650 rursum
666 3588 817 3650 mensesb
833 3588 971 3650 Lunares
988 3596 1020 3650 et
1035 3596 1100 3651 tres
1116 3588 1155 3651 ad
1173 3583 1322 3664 17113311,
1342 3595 1379 3652 ut

28 3680 237 3751 1131333333,
259 3677 392 3739 3133133
415 3676 638 3751 3132513311,
659 3683 796 3738 3113331
818 3676 963 3751 33313313,
985 3686 1076 3740 33133
1099 3677 1141 3740 311
1162 3696 1266 3739 mense
1288 3696 1376 3754 nono,

29 3768 105 3850 3333
129 3765 253 3829 3133331
274 3766 349 3830 nihil
370 3764 474 3828 habet.
518 3765 618 3829 Unum
640 3765 737 3827 solum
759 3765 845 3827 nobis
867 3772 973 3846 potest
989 3766 1093 3846 objici,
1116 3766 1195 3847 quod
1211 3766 1269 3828 hoc
1284 3773 1377 3848 pacto

29 3877 105 3921 3333
125 3855 196 3919 165.
219 3854 301 3917 31313
323 3854 440 3935 pascha
455 3854 548 3937 cadat
567 3862 639 3916 ante
656 3853 878 3936 aequinoctium
894 3854 999 3917 diebus
1015 3857 1035 3917 2
1051 3856 1100 3917 vel
1115 3856 1144 3917 3.
1191 3854 1306 3917 Verum
1321 3872 1378 3919 nec

29 3947 58 4010 id
72 3945 163 4009 valde
180 3963 236 4006 nos
253 3952 350 4026 urget.
381 3943 510 4006 Factum
525 3942 605 4005 enim
620 3950 669 4005 est
684 3943 715 4005 id
731 3944 852 4024 saepius
868 3943 1023 4007 31333313
1039 3944 1204 4007 etiamnum
1220 3944 1275 4006 sub
1293 3943 1378 4009 Ocn-

30 4035 173 4109 stantino,
189 4041 222 4095 31
235 4033 385 4095 nescimus
402 4052 461 4113 qua
476 4032 573 4095 forma
588 4031 718 4095 Lunaris
734 4052 806 4094 anm
797 4032 933 4095 ’1333131
947 4032 995 4098 331
1011 4039 1098 4107 tunc;
1122 4032 1193 4114 quin
1209 4033 1268 4096 imo
1285 4034 1379 4096 etiam

31 4125 86 4188 de‘
78 4143 146 4207 rpso
162 4142 275 4204 genere
292 4142 362 4186 anm
354 4121 548 4184 ‘titubanter
564 4120 727 4184 asserimus
728 4120 813 4201 ,jam
828 4129 892 4183 tum
907 4122 1029 4210 Lunare
1045 4120 1153 4185 luisse:
1184 4141 1267 4185 nem
1271 4144 1297 4185 er
1289 4122 1379 4198 ’1311
1415 4128 1436 4172 ’ἵ

31 4232 177 4296 nuperum
193 4211 354 4274 admodum
369 4211 436 4286 1311,
451 4217 486 4273 31
502 4209 580 4273 31133
596 4209 820 4272 demonstrabo.
866 4280 869 4283 ,

114 4301 232 4365 Exstat
254 4308 286 4362 31
301 4301 383 4363 31133
397 4298 652 4364 monumentum
644 4319 675 4361 m
691 4297 789 4362 33333
804 4297 904 4373 Olam,
922 4299 1028 4362 eodem
1043 4299 1090 4362 die
1107 4300 1219 4362 mensis
1238 4300 1379 4377 Lunaris,
1396 4360 1400 4366 .

31 4393 131 4456 eadem
148 4391 215 4453 vice
230 4389 348 4452 Joaribi
361 4390 507 4470 templum
519 4389 570 4453 113
586 4395 717 4482 captum,
730 4387 858 4468 primum
874 4388 928 4450 sub
943 4389 1254 4464 Nabuchodonosore,
1269 4389 1379 4454 iterum

32 4483 80 4547 sub
91 4481 144 4546 111
130 4488 173 4555 13
189 4478 272 4562 3333
285 4498 351 4541 curn
365 4479 550 4559 interpretat
550 4476 618 4540 1333
634 4484 791 4566 acceptum
801 4478 960 4540 confirmat
974 4478 1102 4541 eundem
1117 4478 1273 4541 calculum
1297 4479 1378 4543 Nam

32 4591 54 4633 s1
46 4568 305 4670 progrediamur
328 4567 366 4630 ab
389 4586 468 4630 anno
484 4567 536 4631 39.
550 4549 672 4630 1311333
695 4585 788 4648 33333
811 4565 841 4629 13
865 4585 974 4649 annum
999 4567 1070 4630 115.
1094 4587 1152 4649 333
1168 4568 1313 4651 templum
1328 4576 1378 4632 est
1398 4624 1402 4631 .

31 4667 192 4734 vastatum,
209 4656 395 4720 continuatis
411 4643 1027 4738 313113333τί13’3333313331133333133133
1043 4656 1185 4733 2313111,
1201 4657 1375 4763 33333111-

32 4767 115 4813 mana
131 4747 192 4810 etsi
208 4766 270 4810 333
285 4753 408 4829 captum
424 4745 592 4828 templum'
583 4764 696 4828 rpsum,
717 4744 859 4809 incensae
876 4753 979 4810 tamen
994 4754 1066 4811 suut
1081 4746 1146 4829 ejus
1160 4746 1305 4832 porticus.
1334 4748 1379 4811 Et
