3142 5482
553 235 659 298 Eelogae
683 235 829 283 (1666661666
1290 240 1349 298 481

25 429 165 494 quorum
196 407 296 489 aliqui
329 406 489 471 Christum
520 431 652 494 passum
683 416 832 474 asserunt
862 429 964 474 ariao
978 429 1026 488 eo,
1058 413 1131 492 qui
1141 414 1294 496 corripetit
1322 416 1353 476 in

22 500 189 564 Julianum
219 499 272 574 76,
303 494 404 576 aliqui
431 518 540 561 mense
569 499 701 575 Mart't310
733 498 867 563 accedat
897 497 1108 564 considertaio
1135 522 1263 567 causae
1296 521 1355 565 cru

20 588 142 670 reliqui
171 606 291 651 annum
324 590 374 648 78.
407 593 438 652 66
468 587 611 670 hprilem
642 586 793 665 eliserint,
824 588 898 670 quia
921 588 990 651 scil.
1014 595 1073 673 put
1075 596 1181 668 arunt
1158 569 1354 654 6166116666
1435 656 1437 659 ,

19 679 120 761 plane
152 683 354 740 astronomos
384 672 481 740 luisse
511 675 655 759 nihilque
685 678 851 742 alienasse
875 699 950 743 cum
973 679 1077 764 cyclis
1091 678 1172 742 suis:
1204 680 1352 758 1666666166,

18 788 146 831 anuum
185 770 237 829 78.
277 769 310 827 et
339 764 485 844 Aprilem
523 767 581 830 soli
610 760 842 851 astronomiae,
874 767 972 831 ueluti
994 756 1143 851 periente
1173 791 1194 832 a
1223 769 1335 833 lud
1290 792 1355 832 6666
1383 835 1391 851 ‚

18 855 218 920 observatae
253 852 355 934 (quod
389 874 447 935 per
478 876 512 919 se
540 845 699 919 incertum
730 867 794 935 666,
828 859 924 926 etiam
954 858 1022 922 siue
1053 859 1221 922 contrario
1246 865 1352 938 666661

18 946 125 1023 inniti,
152 963 255 1026 exque
278 962 318 1004 ea
339 961 458 1021 omnes,
483 964 568 1044 quae
589 905 823 1027 producuntur,
844 947 1060 1010 auctoritates.
1065 945 1210 1025 fluxisse3
1234 969 1355 1017 6666666666

18 1055 97 1097 vero
137 1039 189 1098 76.
227 1038 260 1095 66
296 1051 438 1094 mensem
469 1032 568 1095 Mart
543 1038 624 1096 trum
656 1033 802 1097 omnibus
833 1036 948 1098 ceteris
979 1057 1040 1099 auc
1042 1036 1157 1098 toritat
1144 997 1231 1101 tibris
1261 1035 1355 1099 inniti

18 1123 183 1204 utiliaque
214 1142 250 1184 re
272 1120 467 1205 impugnari,
498 1122 560 1185 nisi
582 1122 724 1204 perfecta
739 1125 951 1256 astronomia
981 1145 1124 1206 quem
1100 1130 1208 1188 tamen
1233 1126 1354 1188 nodum

18 1212 116 1276 solvit
141 1210 350 1293 Epiphanius.

102 1306 308 1358 Herwartus
334 1304 533 1394 KepleroS.
559 1303 602 1356 19.
624 1305 738 1359 Januar
763 1307 1121 1377 monomachorum)
1153 1308 1234 1368 Quod
1253 1308 1354 1361 attinet

18 1385 223 1438 dubitationem
244 1385 278 1436 de
299 1399 369 1436 anno
390 1383 523 1451 passionis
545 1382 655 1446 Christi,
678 1387 776 1438 nubem
798 1392 940 1439 auctorum
960 1401 1173 1448 commemoras,
1182 1405 1249 1456 quos
1267 1391 1352 1440 addo·

18 1471 66 1517 cat
87 1464 253 1525 Declreriirs
280 1463 326 1533 qui
352 1467 496 1524 testentur,
524 1463 660 1516 Christum
681 1478 751 1518 auno
773 1460 883 1518 Juliano
906 1467 949 1521 76.
971 1482 1035 1546 pass
1024 1483 1089 1518 66666
1122 1466 1165 1527 1166
1179 1488 1261 1538 marg.
1281 1474 1351 1537 Kep-

18 1553 104 1599 ierus:
133 1544 207 1606 Quos
234 1559 317 1611 supra
336 1543 454 1612 produxi
475 1544 552 1612 epist.
535 1539 660 1600 axvi.)
690 1545 728 1597 Et
717 1544 810 1597 tnovi
831 1547 945 1615 quidem,
968 1543 1029 1616 quid
1053 1552 1101 1597 6666
1123 1563 1189 1617 quos
1211 1550 1266 1608 iile,
1289 1552 1349 1608 (seu

18 1624 113 1693 potius
135 1625 186 1675 sub
207 1637 324 1692 persona
344 1623 438 1676 Poloni
459 1622 665 1690 personatus'l
658 1625 1187 1695 (6616661666,(16661666666116666.
1226 1633 1348 1681 atomo

18 1705 166 1772 probabile
188 1703 251 1755 milri
273 1703 316 1760 sit,
338 1702 412 1755 illum
433 1704 539 1755 interea
558 1704 678 1771 plures
672 1705 773 1757 66666616
763 1724 805 1762 sse
821 1705 924 1775 tibique
951 1706 1174 1759 coonnunicasso:
1208 1723 1285 1775 rogo,
1315 1714 1347 1758 ut

18 1784 81 1837 illos
103 1783 170 1835 milri
193 1782 377 1842 conununices,
406 1774 455 1834 aut
476 1784 614 1852 epistolas,
635 1800 703 1854 qnos
725 1784 776 1836 1666
798 1786 832 1837 (16
852 1802 882 1837 re
904 1786 937 1837 ad
960 1794 987 1837 te
1009 1775 1166 1852 6611661611).
1265 1782 1266 1785 ’

100 1862 1108 1933 Η6666666666Κ6616668.2861661611.1116166616111111)
1145 1863 1348 1933 Chronologica

18 1944 93 2013 quod
121 1943 230 2003 attinet
257 1949 368 2032 gratum
394 1942 458 1994 mibi
485 1950 526 1994 est
552 1942 661 2005 auditu,
682 1950 710 1995 te
732 1944 830 1999 seriam
852 1945 879 1996 in
900 1943 931 1996 iis
952 1961 1067 2012 operam
1085 1945 1228 1998 collocare
1271 1945 1347 2004 Quod

18 2040 86 2075 rero
108 2039 186 2075 meas
208 2021 258 2074 in
254 2022 344 2090 specie
365 2023 459 2075 literas
481 2022 588 2082 66616666
617 2022 746 2093 indiguae
767 2024 873 2094 quidem
895 2040 946 2076 eae
967 2031 1038 2086 suut,
1066 2041 1137 2096 quae
1159 2024 1347 2093 publicentur:
1421 2078 1424 2082 ,

18 2120 110 2173 eoque
132 2102 251 2154 fortasse
271 2108 398 2170 praestat
417 2120 514 2157 nomen
535 2120 623 2156 66666666
643 2103 740 2156 omitti.

102 2226 269 2297 Sequitur
303 2243 344 2278 ex
380 2227 427 2279 Jo.
463 2226 618 2280 Mariana
646 2227 797 2318 Hispano
831 2228 970 2281 Jesuita
1004 2228 1247 2297 fragmentum,
1284 2245 1348 2299 quo

18 2307 208 2377 detegitur
228 2306 329 2375 origo
347 2306 593 2374 transpositae
615 2307 795 2359 memoriae
815 2298 992 2375 passionis
1015 2308 1154 2361 Christi

102 2404 204 2458 statuo
231 2420 314 2471 erpo,
348 2398 484 2455 Christum
511 2419 621 2472 passum
648 2419 717 2456 anno
746 2405 847 2456 aetatis
876 2405 1187 2466 sarachamano
1214 2407 1349 2459 Jacobum

18 2485 185 2554 Apostolum
207 2484 241 2535 ab
257 2484 367 2534 Herode
383 2483 499 2536 occisum
520 2491 622 2536 octavo
637 2490 699 2551 post
715 2492 793 2546 anuo,
814 2501 867 2537 non
890 2485 1013 2552 amplius,
1036 2486 1199 2539 6166166112.
1222 2486 1347 2555 Denique

18 2567 137 2619 Petrum
163 2565 323 2630 Apostolum
351 2563 464 2615 Romam
490 2563 597 2615 venisse
623 2572 686 2632 post
711 2563 847 2616 biennium
875 2566 1005 2624 alterurn,
1041 2575 1120 2616 aurro'
1139 2564 1240 2617 Christi
1268 2563 1346 2625 W).

102 2644 244 2696 Poterami
260 2633 367 2712 quidem
393 2642 494 2695 Christi
520 2649 631 2718 mqtem
644 2705 646 2711 Ι
659 2659 711 2694 uno
738 2644 808 2695 anno
829 2659 1006 2711 praeponere,
1034 2645 1215 2696 recentiorum
1238 2652 1347 2697 semitas

18 2723 200 2782 sententiam,
221 2721 266 2791 qui
288 2721 423 2774 Christum
445 2722 581 2775 6111666666
602 2727 692 2774 actum
713 2722 739 2774 in
759 2731 867 2775 cruceni
888 2723 933 2775 33.
955 2723 1124 2784 6166666666,
1146 2724 1248 2793 Aprilis
1264 2725 1345 2777 (1163.

18 2806 111 2866 Quam
140 2802 275 2856 rationem
302 2799 402 2869 primus
430 2801 535 2856 inserit
555 2802 898 2871 Rogerius'Baclron,
926 2803 1043 2870 epistola
1069 2805 1102 2855 ad
1125 2804 1292 2856 Clementem
1312 2805 1345 2857 V.

18 2887 101 2937 stom.
129 2883 208 2935 Pont.
236 2882 351 2934 Secutus
385 2888 427 2933 est
456 2882 528 2934 haud
556 2882 638 2949 longo
665 2878 804 2949 proicimus
832 2883 976 2935 intervallo
1003 2884 1115 2935 Paulus·
1132 2884 1283 2952 Burgensis
1307 2886 1344 2937 ad

18 2984 36 3016 6.
80 2961 184 3015 Matth.
224 2962 269 3014 26.
301 2961 384 3021 16666,
416 2960 456 3013 uti
481 2962 544 3029 'ipse
577 2962 702 3022 6161666666,
733 2962 828 3014 Lunae
859 2961 1039 3014 calculatione
1066 2973 1126 3015 eum
1152 2964 1343 3016 Hebraeorum

18 3043 128 3113 peritis,
158 3042 228 3110 quod
248 3039 385 3095 Alfousum
407 3043 564 3093 Γ1666666666
592 3042 758 3112 provocavit,
786 3048 817 3093 nt
837 3041 956 3093 senis-in
977 3042 1117 3103 Hetruria,
1146 3043 1192 3094 nbi
1213 3044 1344 3095 Pontifex

18 3141 85 3176 :unc
108 3128 181 3181 erat,
204 3111 273 3173 inter
294 3136 374 3172 uuam
396 3127 425 3171 et
445 3121 541 3189 viginti
563 3123 664 3183 theses,
686 3136 753 3190 quas
774 3138 847 3173 more
868 3121 1238 3189 peripateticodisputandas
1250 3122 1344 3190 junior

18 3201 175 3272 imposuit,
201 3200 339 3267 idipsum
366 3206 497 3253 tueretur.
540 3201 1010 3270 011666111666666166666666666616
1032 3207 1060 3253 et
1082 3202 1176 3270 placiti
1199 3202 1344 3255 insolentia

18 3292 104 3361 nque
139 3281 211 3332 inter
243 3280 309 3332 alios
336 3281 414 3333 Joon
445 3282 680 3334 Turreorematam
707 3281 891 3342 Carti-inulam,
919 3282 1040 3351 quamvis
1068 3299 1104 3335 ex
1132 3284 1229 3334 eadem
1256 3288 1342 3351 gente

18 3357 182 3431 Iispanum
210 3377 296 3429 neque
316 3360 391 3428 prius
412 3360 524 3421 destitit,
545 3377 627 3431 quam
647 3377 682 3413 ea
701 3361 772 3414 thesi
794 3361 864 3419 iuter
886 3363 955 3415 alias
976 3364 1107 3452 quasdam
1124 3362 1228 3431 judicio
1249 3362 1341 3417 Bouti-

18 3444 70 3497 1616
101 3441 264 3508 reprobata
291 3457 361 3529 quae
387 3441 492 3493 occasio
514 3441 621 3494 exstitit
642 3439 747 3494 auctori
768 3442 866 3495 edendi
886 3441 965 3493 dolen
949 3443 1039 3504 neorii,
1061 3459 1114 3511 quo
1135 3443 1205 3496 111666
1228 3443 1340 3495 liberius

18 3539 100 3595 quam
122 3535 175 3588 par
197 3525 269 3571 esset
290 3519 315 3572 in
336 3521 405 3572 Pont
408 3520 471 3572 ilicis
493 3521 683 3573 auctoritatem
706 3527 733 3573 et
753 3538 885 3589 responsa
904 3520 1048 3584 invehitur.
1090 3523 1168 3583 Quod
1185 3522 1342 3575 severitatis

18 3602 177 3668 exemplum
199 3616 252 3651 non
271 3600 404 3652 deterruit
423 3600 596 3667 posteriores,
618 3616 669 3669 quo
691 3601 777 3652 ririuus
799 3617 858 3653 eam
876 3601 1027 3668 opinionem
1044 3610 1238 3670 sequerentur:
1260 3604 1340 3655 Joau.

18 3680 181 3736 itdflerinus
199 3679 223 3730 in
239 3695 286 3730 suo
302 3674 481 3742 6616616616,
493 3670 689 3739 roimundus,
711 3681 809 3733 Petrus
824 3680 932 3733 Pitatus
947 3682 1111 3734 Veronensis
1128 3701 1159 3734 eo
1175 3682 1341 3753 reliquorum
1401 3732 1404 3744 ,

18 3764 176 3832 applausu,¹
189 3758 237 3810 616(
262 3763 292 3810 nt
313 3759 454 3830 quisquam
475 3760 590 3813 auderet
610 3760 744 3811 diversam
766 3759 928 3813 senteutiam
948 3760 1028 3813 tueri.
1071 3762 1125 3813 Nos
1142 3760 1250 3830 quidem
1266 3771 1342 3814 certe

18 3849 154 3911 ›eparata
173 3838 356 3906 disputatione
377 3857 423 3891 eos
444 3857 535 3892 ornnes
555 3839 613 3892 falli
636 3838 662 3890 iu
684 3839 738 3891 suis
759 3838 909 3893 rationibus
930 3841 1021 3893 multis
1043 3841 1213 3911 argumentis
1230 3843 1340 3893 demon-

18 3920 180 3981 eravimus,
211 3935 282 3986 quae
309 3927 340 3970 ut
364 3919 417 3971 hoc
445 3921 502 3971 loco
531 3920 717 3987 explicentur,
748 3916 848 3987 operae
874 3936 928 3972 non
955 3928 1010 3972 est:
1041 3921 1108 3974 illud
1135 3928 1244 3973 constat
1264 3914 1338 3972 lrand

18 4000 140 4061 lobium,
169 4004 277 4049 veteres
303 4006 404 4065 patres,
431 4005 490 4051 tum
514 4002 633 4052 Graecos
653 4005 716 4051 tum
742 3999 863 4059 Latinos,
892 4001 927 4052 ad
954 4016 1037 4053 unum
1063 4015 1182 4053 mensem
1208 4000 1341 4053 Martium

18 4079 121 4133 inrisu
148 4083 261 4130 mortem
288 4077 469 4146 descripsisse,
492 4079 613 4148 quamvis
634 4079 668 4129 de
689 4078 733 4130 die
753 4079 959 4147 discrepueriut.
1001 4080 1101 4132 Graeci
1123 4080 1192 4155 pnim
1214 4079 1272 4131 iere
1295 4078 1340 4133 23.

18 4161 75 4228 ,1666
99 4158 201 4211 mensis
222 4156 292 4209 diem
312 4158 466 4227 designaut.
487 4158 579 4211 Latini
600 4159 644 4210 25.
668 4159 697 4210 161
714 4159 915 4228 iirartyrologia
928 4159 1048 4228 fontique
1064 4159 1216 4212 ecclesiast
1197 4159 1242 4211 tici
1254 4157 1342 4211 secuti

18 4248 81 4292 runt
102 4237 166 4307 pari
187 4254 328 4298 consensu,
349 4244 424 4289 certe
444 4240 546 4298 Bedae,
568 4246 642 4289 certe
654 4239 780 4300 Usuardi,
801 4246 830 4291 et
844 4239 955 4307 propria
970 4240 1140 4307 singularum
1156 4240 1341 4298 ecclesiarum,

18 4322 61 4372 sed
91 4327 122 4371 et
143 4319 295 4370 Romanuin
319 4325 398 4370 vetus
424 4316 449 4370 id
476 4335 635 4386 expressum
657 4336 688 4369 eo
709 4319 803 4371 Martii
825 4319 868 4371 die
890 4319 952 4371 olim
974 4318 1080 4381 habuit,
1102 4321 1173 4388 quod
1196 4320 1257 4372 novi
1279 4336 1341 4371 con·

18 4399 203 4451 sarcinatores
227 4402 339 4465 propter
360 4403 469 4450 enatam
489 4414 587 4461 novam
608 4397 758 4466 opinionem
780 4406 982 4466 expunxerunt,
1004 4398 1045 4451 ita
1064 4406 1166 4460 tamen,
1189 4407 1219 4451 ut
1241 4399 1341 4466 impru-

88 4564 116 4626 *)
149 4563 269 4628 Sequitur
292 4576 378 4611 aeram
402 4563 583 4625 Dionysianam
607 4564 633 4612 in
657 4564 788 4617 6661616666
809 4557 910 4619 Christi,
935 4572 963 4612 ut
981 4564 1051 4613 illam
1071 4578 1157 4614 aeram
1174 4565 1248 4613 hodie
1267 4564 1342 4627 vulgo

20 4639 173 4700 intelligunt.
212 4635 244 4683 Et
267 4636 408 4696 passionom
433 4649 480 4682 neo
502 4628 589 4684 16616.
609 4635 659 4683 Jul.
680 4635 776 4683 confert
794 4650 840 4682 noc
859 4638 885 4684 in
903 4629 946 4693 78,
966 4636 1010 4684 sed
1029 4638 1054 4683 in
1072 4629 1115 4693 19,
1134 4630 1163 4685 ut
1181 4643 1207 4685 et
1224 4635 1268 4684 6111
1287 4638 1341 4699 qui·

18 4704 83 4766 lam,
111 4707 157 4756 sed
181 4717 321 4770 perperam.
359 4705 435 4770 Origo
462 4715 490 4755 et
512 4708 608 4755 novitas
628 4708 749 4770 opinionis
768 4707 798 4755 de
818 4709 932 4771 passione
952 4706 1044 4755 Christi
1063 4708 1088 4755 166
1108 4722 1173 4756 anno
1192 4721 1268 4757 aerae
1288 4706 1342 4756 rul-

18 4783 84 4835 raris
104 4777 147 4828 33.
169 4793 219 4826 non
238 4773 280 4831 31,
299 4776 352 4824 scil.
372 4779 397 4826 in
417 4791 482 4826 auno
500 4775 550 4826 Jul.
571 4772 612 4828 78.
634 4794 682 4826 uon
701 4771 744 4833 76,
763 4786 789 4825 66
806 4776 830 4825 3.
844 4779 936 4840 Aprilis
955 4793 1003 4826 nou
1021 4776 1064 4826 23.
1079 4779 1173 4829 Martii.

33 4860 39 4862 .
124 4868 208 4921 liepleri
222 4867 285 4920 Opti-t
299 4867 333 4909 lV.
460 4906 462 4911 ,
1097 4866 1128 4915 31
