3142 5476
16 320 22 333 ·
120 226 266 309 7124
460 315 464 323 ,
622 244 1133 335 ιιιιιωιιιιιοιιιιιιωιιιιιιιειι

269 399 319 455 Dte
333 401 374 454 12.
380 356 444 456 iulii
454 401 520 454 haee
531 399 667 453 subsecuta
677 405 747 452 sunt:

236 526 246 536 “
287 527 440 608 Praeceps
463 524 596 601 occasio,
618 531 653 587 ut
675 543 802 606 semper.
835 483 951 605 Accepi
971 523 1114 606 paginam
1134 525 1270 608 primam
1309 525 1381 588 Jam
1401 522 1435 585 in
1453 527 1541 603 portu

203 617 321 698 navigo.
353 615 468 681 Cetera
481 615 513 677 iu
527 620 583 676 tna
598 614 756 695 diligentia
771 613 927 677 'suntsita
953 611 987 677 Si
1003 633 1061 695 qua
1075 619 1167 694 putas
1182 614 1332 678 mittenda
1340 611 1541 678 Ratisbonam

201 703 259 789 (ibi
275 705 353 769 euim
369 724 421 767 ero
437 723 504 766 cum
520 702 671 779 Caesare,
692 704 719 767 si
733 704 817 767 Deus
832 697 976 783 voluerit)
1000 709 1032 765 et
1047 703 1073 766 si
1089 705 1242 767 commode
1263 712 1353 785 potes
1372 721 1430 784 per
1443 700 1541 764 Prun-

203 796 363 859 dorfferum
378 793 480 856 mitte:
503 793 548 855 uti
563 793 724 874 pepigeris,
740 793 784 855 ita
800 792 988 874 respondebo
1004 791 1123 874 reipsa,
1137 794 1183 856 uti
1198 792 1392 866 consulueris,
1408 791 1455 853 ita
1470 808 1541 852 con-

202 885 316 949 sultum
336 883 459 965 putabo.
504 882 552 945 De
571 883 735 963 posteriori
757 882 943 945 correctione
966 882 1011 944 ita
1031 882 1144 958 sentio,
1165 883 1210 946 uti
1231 883 1263 946 in
1276 880 1424 963 proximis
1438 878 1543 952 literis,

83 994 89 1009 ¹
151 1016 153 1019 .
205 974 364 1038 omittatur
385 972 439 1035 illa
454 991 508 1033 εειι
524 972 672 1034 correctio
689 991 741 1034 seu
764 971 879 1034 additio
901 970 1028 1052 prolixa.
1065 970 1226 1035 Si‘tamen
1248 970 1379 1035 nondum
1395 987 1543 1049 eousque

199 1068 413 1146 processemut
434 1078 561 1141 operae,
581 1061 659 1123 haec
681 1068 858 1123 caveantur:
891 1059 961 1125 Voo
980 1058 1128 1142 [guarda
1141 1061 1214 1143 find
1234 1060 1285 1123 iob
1305 1060 1407 1122 nicbta
1429 1059 1487 1136 dc.
1502 1091 1544 1102 -

199 1154 260 1216 Pro
275 1153 333 1214 hoc
348 1158 513 1232 ponantur:
542 1148 611 1214 Voo
624 1149 771 1232 Mjaooa'o
779 1151 852 1232 find
872 1150 924 1213 iob
937 1150 1038 1212 nicta
1057 1149 1196 1232 ricbtiga.
1240 1148 1291 1212 Es·
1303 1166 1377 1232 osup
1392 1146 1544 1211 maceda

199 1239 376 1305 Ptolomaei
388 1238 538 1303 Mamaea·
551 1240 635 1322 regia
652 1237 817 1302 Olmlcidia
831 1240 897 1302 aad
911 1237 1117 1303 Alexandros
1136 1240 1193 1302 der
1208 1236 1381 1303 Schweatcr
1393 1236 1545 1318 Aretigom'

198 1328 303 1394 altirei
322 1330 407 1410 regar
426 1326 624 1391 Iudaeorum
645 1328 748 1409 cupite
765 1327 856 1408 pleae
876 1329 953 1391 oder
974 1328 1046 1390 desa
1066 1327 1244 1393 Ριοῑειιιαει·
1263 1326 1350 1391 Solae
1370 1326 1543 1408 Igvamrioc,

201 1421 279 1483 oder
293 1419 367 1482 ader
382 1418 521 1481 Ζειιοιιίε
535 1419 660 1501 gregeus
668 1416 736 1499 fitia·
750 1417 911 1480 Theodori
927 1424 958 1480 et
976 1423 1012 1480 ιιι
1022 1425 1099 1498 pulo
1120 1419 1242 1501 nepotis
1255 1417 1419 1480 Zenodora'
1433 1423 1543 1498 lyraru-

198 1528 309 1575 oorcm
317 1504 566 1588 Philadelpluioe
581 1509 615 1570 ia
630 1507 799 1589 confinibus
807 1508 948 1570 Arabiae
957 1506 1190 1592 Noelelsdsraling
1203 1513 1315 1590 paroeat
1330 1526 1414 1587 aegra
1440 1504 1545 1568 Dono

199 1595 295 1664 atita
309 1598 352 1660 iat
363 1593 490 1680 pelagos
496 1596 614 1680 jerasea‘l
627 1595 700 1659 deas
713 1596 856 1660 Jordona
868 1616 966 1678 gagen
972 1595 1100 1659 Jasclro
1114 1598 1190 1661 {lber
1204 1597 1273 1678 oaff
1281 1592 1545 1676 PMlodalpla'om

199 1688 265 1751 rard
279 1685 480 1750 Botoaoeom
494 1693 586 1766 otpae
599 1686 786 1759 Auranitis,
809 1686 870 1749 dua
883 1685 1207 1774 ist,oaff1lurocum
1226 1685 1378 1749 21⁸sz
1393 1704 1472 1746 orsae
1485 1681 1544 1745 Jo-

65 1844 69 1855 ,
179 1776 302 1860 ¹oepha,
321 1774 485 1848 Scatone,
501 1773 623 1847 Plinio,
639 1768 788 1856 Appiam
803 1793 844 1840 aa
858 1775 1024 1838 eraceiaera

287 1864 375 1929 Vale.
411 1864 560 1946 Hospites
580 1855 892 1945 Brandenburgeuses
913 1883 961 1927 me
986 1865 1144 1927 absentem
1168 1870 1348 1946 quemutur,
1373 1869 1449 1953 opto
1471 1858 1543 1943 ipsis

31 1961 35 1970 “
148 2045 152 2053 .
200 1957 318 2030 edesse,
333 1961 366 2017 et
379 1960 505 2036 propter
520 1953 636 2016 abitum
650 1953 785 2015 laborem
799 1960 963 2016 maturare
993 1947 1149 2035 (Linei'n)
1197 1989 1204 2000 ·

181 2191 182 2195 ,
209 2151 212 2159 ·
268 2132 471 2184 Huooorreotio
490 2145 545 2182 sero
563 2080 638 2182 teuit
672 2126 780 2188 Tantus,
799 2131 936 2185 secuudum
955 2132 1095 2195 praemissa
1113 2131 1180 2182 male
1198 2135 1336 2189 comacina,
1355 2129 1451 2198 legiam·
1468 2128 1543 2180 ined

196 2203 380 2270 pompilia
406 2201 464 2253 lam
482 2201 608 2267 Keplerus
623 2201 790 2253 Rabsbonam
806 2217 863 2253 oum
875 2203 1027 2267 Imperatore
1046 2202 1171 2267 profectus
1188 2217 1233 2268 per
1249 2202 1344 2268 aliquot
1361 2215 1461 2251 menses
1480 2199 1543 2256 silet,

197 2277 278 2327 miuus
297 2274 362 2324 forte
380 2274 486 2339 negotiis
506 2274 539 2326 ad
559 2270 734 2326 obtenderim
751 2275 947 2339 pertinentibus,
966 2288 1041 2340 quam
1058 2276 1127 2325 noris
1146 2276 1239 2339 nuptiis
1257 2273 1405 2338 impeditus,
1425 2284 1490 2338 quaa
1507 2270 1544 2321 hle

44 2377 47 2386 .
101 2374 103 2383 ι
125 2404 127 2411 ⁴
200 2347 303 2400 uuueiat
313 2344 490 2412 Berueggaro:

288 2470 320 2534 S.
334 2471 369 2533 P.
384 2470 422 2533 Ι).
439 2469 616 2534 Clarissimo
630 2470 759 2536 Domine
773 2472 975 2552 Berneggere.
1010 2472 1070 2539 Per
1084 2471 1141 2534 has
1160 2471 1200 2534 10
1216 2469 1417 2551 septimanas,
1440 2464 1546 2551 quibus

201 2560 316 2624 Linciis
332 2560 446 2634 absum,
461 2578 531 2621 rara
547 2560 604 2622 fuit
620 2560 749 2636 occasio,
765 2561 802 2623 de
818 2561 879 2623 tuis
890 2561 923 2624 in
939 2579 986 2622 me
1001 2560 1117 2624 meritis
1132 2558 1294 2641 cogitandi.
1330 2555 1450 2629 Quater
1466 2558 1544 2621 enim

198 2649 369 2714 Ratisboua
386 2648 578 2730 exspatiatus
594 2669 659 2712 sum
674 2667 729 2730 per
743 2649 905 2713 intervalla
921 2670 981 2721 non
995 2649 1166 2729 mediocria.
1202 2648 1304 2713 Causa
1319 2654 1368 2712 est
1382 2649 1543 2712 matrimo-

191 2739 329 2802 'mouium
349 2738 456 2801 initum
479 2756 545 2801 cum
566 2739 683 2820 virgine
700 2738 854 2814 Susanna,
875 2739 1069 2821 Reuttingeri
1091 2739 1240 2822 quondam
1256 2737 1330 2800 civis
1353 2745 1385 2800 et
1401 2736 1544 2800 arcularii

194 2828 427 2908 Eferdingensis
441 2847 471 2908 p.
486 2847 524 2893 m
539 2827 613 2904 filia,
636 2848 712 2910 quae
727 2848 782 2910 per
798 2848 892 2891 annos
911 2830 950 2891 12
966 2829 998 2891 in
1013 2847 1172 2911 gynaeceo
1179 2827 1330 2894 Dominae
1345 2826 1420 2903 loci,
1442 2827 1543 2891 Baro-

199 2915 300 2982 uissae
317 2914 562 2996 Starenbergiae,
578 2924 627 2983 est
643 2918 780 2984 educata

284 3007 417 3087 Nuptias
432 3024 507 3086 paro
530 2997 610 3091 ¹⁸l„.
624 3006 727 3088 hujus,
750 3007 797 3069 die
819 3006 940 3089 eclipsis
955 3007 1075 3082 Lunae,
1097 3006 1206 3089 spiritu
1228 3005 1433 3070 astronomioo
1451 3012 1545 3080 teoto,

194 3097 270 3165 dum
293 3095 371 3157 diem
393 3095 503 3157 festum
525 3095 594 3160 volo
617 3115 778 3177 agere.—
733 3097 835 3159 -In
857 3115 972 3159 summa
993 3096 1206 3179 properatione
1228 3095 1299 3158 nari
1320 3115 1389 3158 mea
1412 3095 1545 3159 abeunte

199 3187 280 3248 iuter
295 3184 502 3266 prandendum
518 3192 637 3249 tantum
653 3186 798 3267 significo,
813 3205 860 3248 me
876 3186 1028 3269 recepisse
1045 3185 1261 3268 exemplaria
1245 3206 1264 3247 a
1279 3193 1310 3248 te
1325 3184 1421 3248 missa
1437 3185 1546 3249 aNob.

108 3268 112 3305 ²
178 3270 307 3356 ‘juvene
322 3275 360 3337 N.
376 3274 430 3349 N,
452 3274 547 3354 iegati
562 3274 798 3356 Argentinensis
820 3276 896 3352 filio;
919 3283 1029 3357 postea
1049 3275 1215 3357 bibliopola
1237 3273 1326 3356 hujus
1340 3273 1409 3337 1οεί
1416 3274 1547 3337 tradidit

100 3377 107 3387 “
199 3363 273 3426 mihi
288 3362 330 3426 to
347 3353 416 3439 alia,
437 3383 498 3432 non
512 3364 627 3438 indicto
642 3365 741 3446 pretio
758 3384 853 3447 neque
869 3372 993 3429 auctore
1008 3365 1161 3429 missionis
1175 3364 1273 3447 hujus.
1317 3364 1491 3445 Exspecto,
1512 3370 1548 3426 ut

138 3531 142 3533 Δ
198 3452 271 3516 ιιιίΙιί
293 3453 466 3527 renuncies,
488 3453 535 3516 cui
558 3453 599 3516 sit
620 3454 795 3518 solvendum
818 3462 850 3518 et
872 3463 1024 3538 quantum.
1060 3456 1108 3519 De
1122 3455 1327 3518 Pneumaticis
1342 3453 1478 3517 Heronis
1493 3472 1548 3517 cn·

199 3543 275 3606 rabo
304 3548 376 3623 post
403 3557 490 3606 meas
517 3543 654 3625 nuptias,
680 3545 730 3607 ubi
756 3533 894 3607 Lincium
921 3564 1041 3608 venero.
1083 3544 1245 3608 Vale.D
1248 3591 1254 3605 .
1216 3537 1346 3626 DN„
1367 3541 1438 3606 Oct
1464 3541 1548 3607 1613

60 3651 65 3671 ι
197 3624 383 3694 meatem.)

269 3774 382 3825 Lincinm
393 3788 507 3826 reversas
518 3787 604 3826 mense
614 3774 755 3834 Novembri,
768 3776 901 3879 Februario
914 3776 1015 3828 demum
1026 3777 1084 3827 anni
1096 3779 1228 3842 sequeutia
1235 3774 1408 3844 breuggerun
1420 3777 1495 3834 adiit,
1507 3775 1547 3828 laia

199 3860 227 3898 ae
240 3859 374 3898 armans.

288 3969 321 4033 S.
335 3971 370 4033 Ρ.
385 3970 423 4033 Ι).
455 3969 631 4034 Clarissimo
647 3979 679 4034 et
695 3971 873 4035 amicissime
889 3973 927 4035 Ι).
942 3973 1145 4054 Berneggere.
1172 3973 1248 4040 ¹Non
1270 3992 1340 4035 mea
1360 3970 1551 4051 negligentia

200 4062 328 4133 factum,
360 4065 396 4121 ut
425 4059 474 4121 diu
496 4066 639 4123 tacerem
683 4061 764 4123 Nam
791 4069 865 4142 post
887 4061 1009 4142 nuptias
1039 4081 1124 4124 meas
1152 4061 1336 4143 Eierdingae
1368 4060 1550 4123 celebratas

205 4142 287 4232 ὀίω.
298 4147 452 4223 Octobris,
468 4147 545 4211 Gen.
560 4149 599 4211 D.
613 4149 818 4213 Helmhardns
830 4148 997 4232 ¹Joergerus
1012 4151 1165 4214 rarissime
1180 4151 1278 4214 Lincii
1293 4150 1358 4224 fuit,
1379 4156 1413 4210 et
1426 4150 1550 4231 quoties

195 4239 231 4302 id
245 4246 321 4312 erat,
337 4237 587 4318 occupatissimus
607 4246 677 4301 erat
695 4239 881 4321 excipiendis
903 4240 1137 4305 salutationibus
1157 4240 1320 4304 amicorum
1339 4238 1469 4320 aliisque
1489 4258 1551 4320 pa·

199 4327 279 4392 triae
294 4325 436 4408 negotiis.

286 4417 378 4480 Mitto
388 4423 553 4497 properata
561 4434 651 4479 manu
660 4416 769 4480 trronrs
777 4417 994 4501 rmpemtrssrmr
1001 4419 1176 4483 inchoatum
1177 4419 1386 4501 autographo
1392 4436 1468 4480 vero
1481 4436 1551 4480 meo

199 4505 381 4586 completum
397 4505 565 4587 exemplum
584 4496 788 4588 Epistolae
797 4509 842 4570 ad
858 4507 1088 4583 Calvisium,
1094 4528 1183 4589 quam
1204 4509 1295 4571 velim
1317 4507 1413 4590 primo
1429 4526 1552 4588 quoque

198 4602 334 4676 tmpore
357 4595 472 4659 excudi.
510 4595 660 4659 Welsium
681 4595 741 4659 iter
763 4604 845 4670 erat,
867 4597 937 4660 hinc
953 4598 1074 4660 occasio
1095 4598 1152 4659 iuit
1166 4597 1309 4660 mittendi
1324 4595 1551 4676 Argeutiuam,

199 4684 315 4765 absque
328 4684 388 4748 hoc
401 4685 519 4760 fuisset,
533 4704 593 4748 non
609 4686 685 4749 adeo
695 4685 887 4767 negligenter
896 4686 1155 4750 consarcinassem
1164 4688 1358 4767 typographo
1369 4686 1554 4768 exemplum.

200 4771 314 4856 Spero,
334 4773 414 4837 hauc
428 4773 599 4855 Epistolam
619 4781 653 4838 et
674 4775 867 4861 typographo
886 4777 1145 4840 commodaturam
1165 4776 1207 4839 ad
1219 4775 1553 4848 detrahenda-exeu-
