3112 5474
169 243 235 313 284
676 240 902 337 neamus-u
913 260 1014 323 ιιιι

170 428 210 472 ex
230 407 319 472 hellis
341 406 436 471 serit?
466 405 585 469 Libello
600 407 857 490 praescripseram
878 406 911 471 in
932 407 1032 472 fronte
1053 376 1158 470 thema
1178 405 1374 488 ipsumquod
1392 401 1487 478 ιιιιιιι
1551 419 1554 424 ’

171 504 294 561 secutus
309 497 479 579 exemplum
493 496 553 559 mei
568 496 745 562 adversarii.
779 497 832 562 Sic
845 497 940 580 igitur
954 502 1068 561 sonant
1081 496 1192 571 verba,
1209 502 1318 559 uatum
1334 514 1402 558 esse
1413 495 1491 559 Jesuu

17 574 26 595 ’
135 667 139 671 ,
172 586 332 653 Christum
347 586 546 650 Servatorem
557 592 594 649 et
607 586 773 651 Dominum
784 594 922 652 nostrum
937 606 998 650 non
1014 606 1072 650 uno
1088 592 1208 650 tantum
1223 605 1306 648 anno
1320 592 1394 648 ante
1407 584 1495 648 initiun

172 696 264 741 aerae
287 684 413 739 nostrae
433 675 608 752 hodiernae,
637 684 673 739 ut
701 678 740 740 D.
761 677 925 740 Helisaeus
946 676 1092 740 Rdelinus
1122 694 1188 738 eum
1209 675 1349 739 Henrico
1368 674 1496 757 Buutingc

172 765 313 848 aliisque,
328 785 385 828 nec
401 765 518 828 duobus
533 772 654 830 tantum
670 767 772 848 aruris,¹
781 775 817 830 ut
827 766 966 848 Scaliger
978 772 1015 828 -et
1025 764 1178 830 Calvisius
1194 784 1263 828 curn
1277 763 1416 848 plurimis
1424 765 1500 847 scrip

171 855 288 919 toribus
304 854 522 918 ecclesiasticis
538 862 693 919 statuunt:
719 856 775 918 sed
789 857 918 939 quinque
934 854 1040 919 solidis
1057 855 1153 918 annis.
1186 848 1294 936 xLegit
1309 854 1431 918 titulum
1444 852 1502 918 Cel-

169 944 264 1010 visius
280 951 313 1008 et
329 944 460 1019 exarsit3
482 944 655 1026 Epistolam
677 946 717 1008 ad
732 965 780 1009 me
795 945 935 1028 scripsit,
958 945 1012 1007 ssd
1028 946 1110 1027 typis
1125 944 1270 1026 publicis,
1293 963 1356 1026 qua
1371 943 1440 1007 mihi
1452 944 1504 1006 vio-

171 1036 268 1098 latam
284 1035 501 1098 auctoritatem
515 1035 676 1116 Evangelii
690 1035 722 1097 iu
737 1036 807 1117 ipsa
822 1036 922 1098 fronte
943 1035 1124 1116 exprobrat,
1147 1034 1337 1097 sententiam
1355 1053 1427 1097 vero
1441 1052 1505 1096 aue

173 1125 331 1187 defensam
344 1124 520 1187 'rationibus
536 1124 689 1188 nonnullis
703 1125 772 1187 aliis
793 1126 918 1207 praeter
937 1125 1051 1188 dictam
1066 1124 1212 1197 enervare
1234 1125 1335 1206 adque
1353 1125 1400 1187 sui
1414 1124 1506 1187 biennii

170 1212 300 1277 confinia
323 1212 472 1276 adducere
494 1212 611 1276 nititur.
656 1214 814 1296 Respondi
840 1213 953 1277 homini
978 1214 1017 1276 de
1039 1214 1163 1277 crimine
1184 1213 1343 1296 profanati
1366 1213 1506 1294 Evangelii

170 1303 222 1367 via
236 1303 358 1378 eadem,
380 1303 462 1385 typis
477 1322 585 1384 nempe
600 1304 753 1393 publicis;
770 1304 810 1367 ad
831 1305 968 1367 rationes
983 1304 1116 1386 reliquas
1131 1305 1289 1408 professus
1305 1323 1382 1380 sum,
1403 1322 1447 1364 me
1461 1303 1505 1363 hae

171 1413 227 1456 sna
248 1392 367 1456 ratione
388 1392 467 1455 velle
487 1392 689 1474 respondere,
713 1401 748 1456 ut
771 1392 906 1457 libellum
929 1391 1176 1457 Germanicum
1167 1413 1198 1456 ιι
1219 1392 1368 1455 Latinam
1392 1392 1503 1472 linguan

84 1543 86 1553 ,
170 1481 368 1557 transferam,
398 1482 578 1564 extritisque
599 1482 846 1547 Rdsliniauarum
873 1483 1110 1546 ratiuncularum
1134 1482 1374 1546 refutationibus
1398 1480 1502 1546 Calvisi

171 1582 282 1636 nomen
294 1572 489 1654 rationesque
512 1571 575 1634 suis
594 1572 701 1634 locis
692 1592 833 1636 mearam.
877 1572 1113 1636 Promissiouem
1134 1573 1242 1654 igitur,
1265 1589 1358 1653 quam
1372 1571 1500 1634 mihicr-

171 1661 263 1724 torsit
284 1661 450 1742 improvisa
473 1659 599 1726 Calvisii
614 1662 771 1743 Epistola,
792 1662 852 1726 hae
868 1662 933 1725 viee
955 1661 1083 1742 impleo,
1104 1678 1240 1744 quaeque
1263 1660 1302 1722 de
1325 1660 1422 1724 natali
1440 1678 1499 1722 anno

171 1752 337 1814 servatoris
349 1751 468 1814 iterate
483 1769 557 1814 eura
571 1749 695 1832 scripsi,
716 1750 822 1814 latinis
841 1771 919 1814 nunc
935 1747 1033 1814 literis
1055 1751 1198 1835 exhibeo:
1228 1769 1288 1833 quo
1303 1750 1407 1814 llbello
1425 1749 1498 1811 multa

169 1841 253 1917 loca,
275 1859 352 1923 quae
367 1841 399 1904 in
415 1839 587 1922 appendice
598 1859 668 1902 mea
683 1848 755 1903 ante
771 1860 868 1903 annos
883 1840 905 1903 8
919 1841 1011 1922 paulo
1028 1840 1185 1904 obseurim
1199 1846 1289 1920 tacta
1304 1848 1390 1916 sunt,
1411 1838 1497 1902 clauus

171 1931 371 2012 explicantur,
386 1929 536 2012 quaedam
552 1936 585 1992 et
600 1930 792 2012 corriguntur
806 1931 895 2012 inque
911 1930 1018 1992 melius
1033 1937 1198 1993 mutentur.
1234 1928 1345 2011 ltaque
1362 1947 1452 2010 spero,
1463 1944 1495 1988 ne

141 2070 143 2073 .
170 2027 291 2104 gratam
304 2019 413 2083 lectori
427 2020 622 2107 praestitisse
638 2037 762 2101 operam
777 2020 929 2084 adornata
943 2019 1035 2101 plena
1045 2013 1257 2101 *disputatione
1275 2027 1308 2081 et
1322 2017 1494 2082 ventilatione

171 2109 359 2221 quaestionis
375 2108 596 2214 explicatisque
611 2109 827 2185 fundamentis,
842 2109 949 2191 quihus
965 2109 1081 2172 veritas
1096 2109 1244 2173 innititur.

259 2196 362 2271 Quare
378 2198 491 2265 omissa
512 2199 643 2280 longiori
663 2200 855 2280 praefatione
878 2198 917 2261 ad
933 2217 997 2261 rem
1012 2199 1112 2280 ipsam
1126 2196 1322 2273 accedamus,
1347 2216 1431 2280 quam
1448 2195 1494 2258 dio

172 2289 288 2353 tribui
278 2309 310 2352 ιι
326 2288 430 2369 eapite
448 2287 497 2363 lli,
513 2306 638 2370 quorum
653 2288 730 2352 haec
746 2294 819 2351 sunt
834 2294 1021 2378 argumenta.

260 2375 337 2460 (lap
352 2378 376 2440 L
405 2378 454 2441 De
469 2377 671 2453 utilitatibus,
692 2397 771 2460 quae
787 2377 827 2440 ad
841 2397 898 2440 nos
913 2377 1003 2441 hodie
1018 2378 1191 2442 redundant
1206 2396 1245 2439 ex
1260 2376 1432 2458 cognitione
1445 2371 1495 2438 anui

172 2467 307 2532 natalitii
324 2465 440 2532 Christi
457 2466 627 2550 errorisque
642 2474 768 2530 nostras
785 2486 876 2530 aerae
891 2467 1016 2530 usualis.
1105 2467 1109 2485 ‘

261 2555 336 2638 Cap.
352 2557 391 2619 ΙΙ.
419 2556 471 2620 An
485 2557 552 2620 fieri
566 2558 675 2639 possit,
690 2565 726 2619 ut
739 2556 830 2620 hodie
846 2556 1032 2620 ιιιιιιιιιιι
1048 2556 1252 2639 cognitionem
1268 2544 1434 2619 habeamus
1447 2549 1495 2616 sm

171 2666 235 2710 verr
227 2645 386 2710 natalitii
402 2644 528 2721 Christi,
543 2665 633 2728 quam
648 2653 861 2710 antecessores
877 2646 996 2709 nostri?

254 2734 336 2817 Cap
359 2736 414 2798 III.
461 2732 578 2807 Qurhus
609 2736 845 2800 circumstantiis
877 2738 1024 2822 temporis
1034 2725 1275 2816 Evangelistae
1307 2731 1497 2837 descripserint

171 2826 367 2891 nativitatem
390 2823 520 2900 Christi,
552 2833 584 2888 et
609 2845 662 2889 cur
682 2826 721 2888 D
742 2826 844 2889 Lucas
866 2844 926 2889 nou
951 2825 1104 2890 addiderit
1128 2831 1243 2901 eertum
1269 2842 1384 2887 annum
1408 2818 1497 2904 imperi

114 2934 117 2942 ‘
171 2915 313 2980 Herodis.
357 2951 360 2959 =

262 3002 337 3084 Cap.
354 3003 410 3066 IV.
434 3003 550 3067 Aerem
561 3001 804 3067 Christianorum
820 3004 995 3080 occidentis,
1012 3022 1071 3087 qua
1085 2957 1198 3067 ιιιιιιι
1212 2952 1304 3066 hodie
1321 3001 1500 3071 communiter,

171 3100 257 3158 certo
272 3112 333 3157 non
348 3092 501 3175 attingere
516 3093 712 3157 nativitatem
729 3091 862 3171 Christi3
885 3093 974 3176 idque
996 3113 1053 3156 nec
1075 3093 1241 3214 absurdum
1253 3112 1324 3156 esse
1347 3112 1404 3157 ιιι
1418 3106 1500 3155 norm

176 3183 261 3246 dictu
275 3182 448 3265 audituque.

261 3271 337 3354 (lap.
351 3270 391 3334 V.
420 3271 468 3335 Ile
485 3270 666 3334 certitudine
682 3291 773 3334 aerae
781 3271 935 3347 Iulianae
948 3291 1008 3354 qua
1021 3271 1163 3335 utemur'
1155 3292 1185 3335 ιι
1201 3272 1259 3336 hoc
1274 3273 1381 3336 libello
1397 3278 1428 3335 et
1440 3269 1502 3350 cuju

176 3376 273 3426 annus
288 3361 340 3426 46.
356 3367 406 3423 ιιι
420 3360 507 3423 nohis
522 3379 613 3423 aerae
629 3369 753 3424 nostrae
768 3361 891 3442 primus.
943 3416 946 3423 .

262 3450 338 3531 Cap
353 3451 408 3513 VI.
444 3449 492 3513 De
505 3449 685 3527 historicis,
707 3469 833 3533 qnorum
855 3450 1039 3516 testimoniis
1066 3449 1253 3514 innitendum
1278 3450 1309 3515 in
1334 3449 1504 3534 inquisitione

173 3541 237 3605 veri
253 3540 324 3605 anni
339 3539 472 3604 natalitii
488 3537 613 3604 Christi

173 3669 176 3675 ·
264 3629 424 3712 eapcvn.
451 3628 500 3693 De
516 3628 645 3692 diversis
661 3628 733 3693 anni
746 3629 902 3712 principiis
918 3628 998 3712 apud
1014 3629 1152 3707 diversas
1174 3636 1207 3692 ιι
1220 3629 1405 3711 praecipuas
1420 3634 1507 3711 genos

174 3720 404 3802 historicosque,
420 3738 545 3802 quorum
555 3719 744 3784 'testimoniis
760 3739 835 3802 opus
850 3719 1006 3791 hahemus.
1084 3745 1086 3749 ¹
1149 3772 1151 3779 ,

263 3808 337 3892 Gap.
351 3809 438 3872 VIII.
474 3808 713 3873 Demonstratur
740 3806 876 3890 pluribus
898 3808 1101 3891 argumentis,
1121 3807 1259 3889 ·Josephi
1283 3808 1423 3872 historici
1443 3809 1508 3871 hane

174 3899 294 3964 omnino
310 3905 442 3962 mentem
458 3898 566 3974 fuisse,
589 3899 669 3980 quod
682 3899 822 3963 Herodes
837 3907 892 3962 rex
906 3905 1043 3962 mortuus
1059 3898 1102 3961 sit
1116 3915 1195 3961 anno
1209 3896 1354 3973 Iulianae
1370 3917 1456 3962 aerae
1469 3895 1510 3967 tt

175 4005 242 4053 curn
257 4008 330 4052 aera
351 3995 459 4051 nostra
480 3988 627 4052 hodierna
648 3987 777 4070 incipiat
792 3989 831 4051 ah
846 3988 911 4069 ejus
927 4007 1007 4051 anno
1029 3987 1088 4064 46,
1109 3987 1160 4050 uhi
1183 3987 1271 4050 simul
1288 3987 1366 4051 fides
1381 3986 1510 4051 historiae

173 4078 301 4161 Iosephi
317 4078 354 4142 de
368 4078 501 4142 Herodis
517 4096 611 4160 regno
628 4078 820 4142 examinatur
836 4096 874 4142 ex
890 4078 1052 4142 collatione
1067 4076 1215 4141 historiae
1229 4076 1401 4140 Romanae.

228 4184 230 4187 ’
263 4166 339 4250 Gap.
352 4167 410 4232 nt
451 4168 646 4250 'Argumenta
661 4169 882 4244 astronomica,
905 4168 1012 4250 quibus
1027 4168 1105 4231 haec
1118 4166 1248 4248 Josephi
1269 4167 1400 4231 traditio
1415 4163 1509 4230 conir-

173 4264 275 4323 matur
290 4265 323 4321 et
337 4276 419 4321 mors
432 4257 566 4321 Herodis
581 4258 621 4320 ad
637 4278 748 4322 annum
761 4259 903 4323 Iulianae
919 4276 1010 4321 aerae
1025 4257 1078 4320 42.
1094 4256 1236 4338 alligitur.

264 4346 389 4431 caput
420 4347 611 4428 Argumenta
627 4348 719 4411 dueta
735 4367 774 4411 ex
787 4347 926 4423 historiis
934 4346 1082 4411 Romanis
1097 4346 1216 4411 illorum
1225 4344 1406 4429 temporum,
1420 4344 1509 4429 quihus

174 4446 412 4503 consentaneum
431 4436 593 4512 efficimus,
613 4438 781 4520 Iosephum
802 4438 834 4501 ιι
856 4458 935 4502 anno
956 4439 1065 4501 mortis
1079 4435 1226 4513 Herodis,
1249 4436 1301 4518 qui
1323 4447 1375 4501 est
1387 4436 1508 4502 Iulianae

175 4546 266 4592 aeras
281 4527 324 4590 42
325 4544 535 4610 ,nequaquam
550 4546 679 4591 errasse.

264 4615 340 4700 Cap
354 4617 411 4681 xl.
454 4617 602 4682 Exactior
623 4616 778 4701 inquisitio
803 4617 874 4680 suni
898 4615 1014 4682 Christi
1035 4615 1169 4679 natalitii
1191 4633 1247 4698 per
1269 4610 1506 4680 ιιιιιιιιιιιιιιιι

176 4706 388 4795 descriptionis
403 4707 499 4796 totius
514 4708 606 4785 orbis,
613 4714 655 4771 ιι
669 4707 749 4793 quod
765 4725 887 4772 censum
901 4705 1018 4784 illum,'
1008 4726 1040 4770 ιι
1056 4723 1144 4789 quem
1159 4704 1305 4771 Christus
1319 4706 1417 4770 ιιιιιι
1430 4698 1505 4769 venit
