3142 5476
215 261 257 328 92
632 277 850 343 LitsraeKeplerl
861 279 1125 344 altorumquomutuae
1165 235 1168 244 Ι

214 447 251 490 ac
273 425 298 487 81
321 425 387 506 0018
409 424 539 495 0100000,
568 426 769 502 tempestates
791 429 863 502 post
879 421 1055 501 ’1080088000
1077 419 1158 483 Solis
1180 416 1212 482 iu
1236 418 1405 482 cardinalia
1430 421 1546 485 octiduo

213 515 305 596 sequi.
352 513 483 578 Constat
499 517 614 583 antem,
629 510 787 573 Eudoxum
803 511 959 592 scripsisse
974 528 1172 590 parapegma,
1186 510 1244 571 hoc
1260 517 1309 571 est
1323 511 1548 590 prognosticum

159 636 164 648 =
212 596 338 666 fixarum
353 608 538 684 perpetuum
582 600 686 661 Tertia
702 600 914 680 interpretatio
930 599 992 662 indi
1015 607 1048 661 et
1062 600 1133 661 anui
1147 598 1246 662 Attici
1263 599 1481 679 explicatione,
1502 600 1548 681 qui

212 693 286 755 talis
306 701 373 754 erat
389 686 439 770 (ut
453 687 553 751 brevis
570 682 651 768 sim),
665 697 700 751 ut
710 688 834 752 alternis
851 619 1084 752 000180010οἰ0]
1099 688 1204 750 diebus
1220 688 1368 750 aJuliano
1384 680 1547 763 recederet,

212 782 344 862 reliquis,
358 781 415 842 hoc
431 785 480 841 est
494 776 585 838 tertio
602 796 719 858 quoque
734 797 812 840 auno
828 778 1022 852 coincideret,
1035 779 1126 840 etiam
1141 777 1372 839 intercalatione
1389 777 1450 839 diei
1465 779 1547 840 unius

212 871 315 953 quinto
338 885 453 950 qnoque
477 884 555 927 anno
577 885 637 928 non
660 867 779 929 omissa.
825 864 893 937 Qua
915 867 952 930 de
968 886 1000 928 re
1023 868 1061 929 ad
1077 866 1266 946 Scaligernm
1281 858 1404 947 scripsi,
1443 867 1479 940 In
1493 867 1547 929 hac

213 962 309 1022 forma
323 964 395 1039 post
411 963 538 1037 quatuor
553 974 649 1018 annos
666 955 778 1019 8011008
802 950 876 1038 (imo
893 963 1009 1037 etpost
1025 957 1100 1022 0008
1116 950 1193 1037 fere)
1211 953 1265 1018 Sol
1280 956 1459 1035 possidebat
1476 976 1546 1018 euu-

214 1050 281 1112 dem
303 1046 429 1126 8000000
451 1045 481 1107 10
497 1044 637 1118 zodiaco,
659 1044 747 1126 idque
769 1045 807 1107 ab
824 1045 1038 1126 antiquissimis
1054 1045 1247 1125 temporibus.
1282 1044 1361 1107 Erat
1374 1045 1471 1125 igitur
1486 1046 1547 1107 0108

210 1136 317 1217 0110018
337 1135 367 1196 10
384 1133 572 1196 ordinatione
590 1131 777 1208 calendarii,
800 1134 849 1214 qui
864 1153 971 1196 nomen
986 1135 1121 1197 habebat
1135 1134 1332 1214 aequinoctii,
1354 1134 1546 1197 8018010110ιο

210 1226 328 1308 qualem
342 1230 416 1305 puto
433 1223 526 1285 fuisse
542 1223 622 1284 diem
636 1241 776 1302 magnum
790 1223 1001 1305 mysteriorum
1015 1223 1244 1286 Boedromiouis
1258 1221 1411 1284 vicesima
1509 1240 1512 1245 ·

298 1313 361 1377 Sed
376 1313 445 1394 qnia
459 1311 596 1374 modulus
613 1312 682 1375 0001
698 1310 762 1375 365
771 1304 804 1395 Ἰ,
824 1312 938 1375 dierum
954 1313 1139 1393 discrepavit
1154 1330 1274 1386 00000,
1298 1312 1412 1373 factum
1428 1319 1493 1387 est,
1516 1319 1548 1374 ut

179 1404 185 1423 ¹
210 1404 259 1485 qni
275 1404 340 1466 dies
356 1402 395 1464 ab
411 1401 626 1482 antiquissimis
642 1402 826 1481 temporibus
849 1402 904 1464 sub
918 1402 1051 1484 Hercule
1067 1402 1145 1464 lorte
1167 1419 1276 1463 nomen
1291 1401 1418 1463 solstitii
1433 1402 1547 1463 retine-

210 1501 273 1567 ret,
294 1493 320 1554 is
334 1491 454 1554 Eudoxi
469 1499 604 1571 tempore
621 1497 689 1552 octo
706 1490 810 1552 diebus
824 1498 898 1571 post
913 1491 1076 1553 solstitium
1099 1492 1231 1552 coeleste
1253 1509 1357 1563 verum
1376 1490 1547 1565 incederet;

208 1583 311 1663 itaque
327 1580 491 1643 solstitium
507 1578 680 1643 calendarii
695 1580 726 1655 10
741 1580 857 1642 0000018
872 1579 1010 1660 partibus
1026 1580 1179 1661 signorum
1188 1580 1319 1642 caderet.
1344 1575 1548 1661 Quaecunque

208 1673 314 1733 harum
329 1669 613 1750 interpretationum
628 1688 701 1729 vera
716 1668 770 1743 sit,
796 1688 899 1730 omnes
914 1669 1051 1749 protinus
1068 1678 1141 1731 eunt
1156 1690 1175 1730 a
1190 1668 1288 1743 coelo,
1311 1675 1344 1730 tu
1359 1689 1432 1730 vero
1458 1669 1498 1731 ab
1515 1688 1549 1730 eo

209 1759 384 1822 retrocedis:
408 1759 510 1838 itaque
527 1757 581 1820 Sol
596 1777 656 1819 non
671 1758 700 1818 10
715 1758 826 1831 Leone,
843 1758 921 1839 quod
938 1758 996 1819 etsi
1011 1758 1084 1820 mihi
1099 1758 1217 1840 quidem
1224 1757 1340 1819 Lucani
1355 1758 1458 1823 verbis
1475 1778 1548 1820 con-

208 1850 301 1912 forme
311 1848 437 1910 videtur
453 1841 535 1928 (cum
551 1846 649 1908 dicam
664 1847 767 1926 negari
784 1869 802 1908 0
816 1847 948 1923 Lucano,
964 1849 1042 1928 quod
1058 1846 1112 1910 Sol
1128 1846 1157 1909 10
1172 1848 1274 1909 Leone
1291 1840 1357 1926 sit),
1373 1847 1430 1909 tibi
1446 1854 1549 1908 tamen

208 1938 362 2019 negotium
374 1938 526 1999 facessere
534 1935 634 2010 debet,
650 1936 699 2016 001
709 1955 747 1997 ex
755 1936 879 1998 Lucano
888 1936 995 1998 niteris
1005 1936 1152 2011 evincere,
1167 1935 1270 1998 Solem
1286 1936 1316 1997 10
1325 1936 1430 1998 Leone
1447 1936 1548 1998 luisse.

294 2027 404 2106 Pergo.
436 2024 533 2100 „Nam
548 2023 630 2089 mitis
646 2024 755 2090 100100
769 2024 889 2105 Jupiter
912 2044 1020 2087 occasu
1036 2024 1219 2106 premitur&
1246 2023 1327 2088 Olim
1346 2025 1490 2105 respondi
1511 2026 1548 2086 ad

208 2116 337 2190 literam,
352 2116 409 2177 hoc
425 2113 504 2177 idem
520 2133 597 2188 esse,
619 2134 655 2175 ac
672 2114 698 2175 si
714 2113 885 2194 astrologus
902 2114 1126 2190 0100000000
1142 2115 1196 2176 sub
1213 2122 1311 2176 terras
1326 2115 1474 2194 profunde
1492 2115 1547 2176 00-

207 2206 328 2267 modum
350 2204 518 2265 demersum
541 2203 666 2283 opprimi
687 2198 737 2265 vel
757 2203 851 2265 radiis
870 2202 1074 2266 maleficorum
1095 2205 1145 2267 vel
1167 2203 1351 2278 elevatione3
1373 2210 1409 2266 nt
1430 2203 1549 2286 quidem

208 2293 309 2358 addit:
336 2293 397 2367 ,Εο
412 2293 528 2354 coelum
541 2292 627 2361 Mars
644 2292 725 2354 80108
740 2292 864 2366 habet“,
880 2293 911 2378 id
927 2300 975 2355 est
988 2293 1083 2368 Mars,
1100 2293 1237 2356 elevatus
1254 2310 1344 2373 super
1359 2311 1463 2354 omues
1479 2294 1548 2374 pla-

209 2391 307 2457 netas,
321 2382 430 2444 Jovem
446 2381 594 2462 opprimit.

293 2471 411 2534 Vocem
426 2471 504 2532 enim
522 2468 681 2552 „Occasnf‘
695 2487 761 2549 pro
784 2469 839 2531 sub
855 2470 965 2544 Terra,
988 2477 1021 2531 et
1036 2471 1099 2533 alto
1114 2489 1170 2551 pro
1193 2471 1340 2551 00000000
1357 2478 1389 2533 00
1403 2471 1501 2542 latine
1517 2479 1550 2533 00

207 2560 389 2641 astrologice
415 2568 447 2621 et
468 2559 667 2621 usitatissime
691 2577 819 2639 usurpo,
840 2565 873 2620 et
896 2558 1027 2638 „premii
1050 2560 1089 2621 ad
1108 2559 1229 2623 literam
1251 2567 1300 2622 est
1322 2560 1545 2640 astrologorum

210 2649 387 2731 „opprimi“.
430 2649 516 2711 Haec
531 2648 603 2711 mihi
619 2648 707 2728 longe
722 2647 911 2709 verisimilior
927 2656 976 2710 est
986 2649 1170 2730 explicatio,
1191 2634 1280 2730 00000
1295 2657 1362 2731 000,
1384 2649 1434 2730 001
1448 2649 1545 2730 premi

205 2741 303 2821 ipsum
325 2739 400 2801 dicis
422 2760 442 2799 a
462 2737 549 2818 primi
571 2737 689 2799 mobilis
711 2745 815 2819 raptu,
837 2737 928 2818 quisi
944 2745 1007 2813 est,
1030 2738 1166 2801 omnibus
1187 2747 1237 2801 est
1252 2738 1429 2813 communis,
1453 2739 1546 2801 etiam

207 2828 319 2903 Marti;
344 2835 376 2890 et
398 2826 589 2889 altitudinem
603 2827 689 2896 Jovis
711 2827 742 2888 in
758 2840 789 2891 eo
813 2826 958 2906 intelligis
981 2846 1020 2889 ex
1041 2847 1115 2890 voce
1140 2828 1190 2904 ,10
1212 2826 1323 2900 alto“,¹
1350 2829 1397 2891 At
1414 2827 1466 2902 „in
1482 2829 1545 2890 alto

207 2916 335 2980 occasu“
353 2915 638 2997 premitanucano.
662 2915 779 2977 Eadem
795 2916 832 2977 de
849 2914 874 2988 Q
891 2922 923 2976 et
939 2916 960 2991 0
975 2918 1153 2997 respondeo,
1169 2937 1244 2999 quae
1260 2917 1344 2980 olim:
1364 2917 1423 2979 hoc
1440 2925 1546 2999 aperte

207 3007 289 3086 dicit,
304 3006 457 3069 Venerem
472 3012 539 3066 ess‘e
556 3006 611 3067 sub
626 3004 728 3079 radiis,
743 3005 854 3067 bebere
870 3005 988 3067 scilicet
1003 3007 1067 3085 ejus
1083 3006 1191 3068 lumen.
1222 3006 1264 3068 Et
1278 3006 1461 3081 Mercurium
1478 3026 1546 3068 0880

211 3095 438 3169 stationarium,
460 3086 586 3158 haerere
603 3094 727 3157 scilicet
775 3093 978 3169 „celerrimus
993 3095 1043 3157 ille
1059 3097 1249 3195 planetarum
1260 3096 1325 3176 jam
1346 3096 1474 3158 haeret“
1493 3097 1547 3158 dac.

207 3185 275 3250 Tibi
296 3184 372 3251 haec
394 3184 476 3246 nulla
495 3182 754 3246 verisimilitudine
776 3190 947 3264 permutare
974 3203 1100 3253 necesse
1129 3192 1185 3247 est
1229 3186 1265 3247 In
1287 3185 1417 3266 gratiam
1443 3192 1546 3248 tamen

196 3268 268 3354 ’Μ8.
285 3274 368 3337 Tuae
391 3273 538 3336 calculum
560 3280 592 3334 et
612 3273 678 3353 1080
701 3273 849 3335 consului:
874 3280 993 3335 etcum
1015 3281 1049 3335 tn
1072 3274 1202 3336 fortasse
1224 3294 1285 3337 non
1306 3275 1363 3337 hoc
1384 3276 1546 3356 praecipue

190 3362 387 3445 quaesieris,
410 3370 446 3425 ut
461 3381 518 3442 ego
533 3362 612 3437 10000
628 3361 774 3424 calculum
797 3362 982 3451 expedirem,
1003 3362 1098 3425 multo
1118 3363 1216 3444 magis
1237 3371 1398 3426 contentus
1418 3366 1547 3438 futurus,

203 3452 232 3515 81
255 3451 479 3532 respondissem
499 3451 759 3532 qualitercunque,
783 3452 871 3514 modo
893 3451 967 3514 cito:
992 3452 1106 3515 iactum
1125 3461 1228 3516 tamen
1243 3462 1350 3516 contra
1365 3461 1427 3527 est,
1447 3461 1482 3516 ut
1497 3454 1548 3516 hic

207 3541 316 3606 calculi
330 3541 428 3616 labor,
451 3541 587 3622 quamvis
602 3540 703 3603 brevis
720 3549 751 3604 et
766 3541 817 3602 vix
831 3541 918 3604 unius
934 3541 1007 3616 diei,
1029 3561 1077 3605 me
1097 3543 1156 3605 huc
1175 3561 1269 3623 usque
1291 3542 1468 3616 detinuerit,
1489 3562 1547 3624 quo

207 3632 305 3694 minus
328 3631 550 3711 responderem
594 3631 682 3692 Hane
707 3631 787 3694 enim
808 3630 968 3711 epistolam
991 3629 1118 3694 Octobri
1142 3650 1245 3694 mense
1269 3627 1391 3714 (statim
1412 3640 1506 3714 atque
1529 3653 1548 3692 a

204 3722 243 3784 D.
258 3719 437 3800 Vihepecluh
453 3718 556 3800 accepi
579 3713 679 3800 tuam)
702 3721 833 3783 scribere
854 3720 953 3800 coepi,
978 3722 1157 3802 exaravique
1177 3718 1304 3801 primum
1323 3721 1549 3803 paragraphum

206 3828 359 3892 quousque
376 3810 458 3871 color
477 3808 557 3871 idem
576 3809 684 3871 literae
710 3810 807 3873 durat
852 3807 1009 3872 Successit
1029 3810 1150 3892 eclipsis
1166 3809 1248 3873 Solis
1269 3811 1458 3885 observatio,
1480 3829 1549 3872 cum

184 3966 186 3969 .
207 3894 292 3962 10008
309 3906 345 3961 00
355 3899 588 3964 instrumentum
604 3917 701 3960 meum
725 3920 743 3962 a
757 3918 825 3961 mea
839 3897 1029 3962 habitatione
1052 3918 1106 3981 per
1121 3901 1271 3979 integram
1292 3901 1398 3962 horam
1413 3900 1549 3975 abesset,

207 3988 401 4069 artificesque
422 4004 471 4050 me
492 3987 664 4050 vanissimis
688 3987 846 4069 promissis
876 3989 915 4050 00
935 3989 1034 4069 ipsum
1048 4008 1142 4070 usque
1170 3996 1354 4052 momentum
1382 3988 1549 4052 differrent

203 4077 306 4140 Finita
326 4077 538 4140 observatione
562 4077 710 4140 successit
730 4078 806 4145 alins
825 4077 924 4152 labor,
945 4078 1153 4142 conscribendi
1172 4098 1363 4160 programma
1383 4078 1420 4141 de
1441 4077 1550 4159 eclipsi

205 4175 238 4230 et
253 4166 480 4241 observatione,
503 4166 586 4247 cujus
608 4167 792 4247 exemplaria
812 4167 925 4229 tradidi
947 4168 1051 4248 agenti
1071 4168 1305 4232 Bavaricosine
1325 4167 1422 4230 1100018
1444 4169 1484 4230 00
1505 4167 1549 4229 Το

206 4257 458 4330 transmittenda;
487 4275 563 4337 quae
583 4275 645 4318 000
663 4256 839 4337 pervenisse
864 4265 1000 4331 autumo,
1020 4257 1090 4339 quia
1110 4258 1222 4321 nullam
1242 4276 1345 4322 eorum
1363 4257 1551 4319 mentionem

208 4345 285 4409 iacis
300 4346 332 4407 in
345 4344 564 4427 posterioribus
570 4364 580 4420 3
603 4346 705 4426 itaque
721 4345 770 4408 hic
784 4339 876 4408 unum
890 4346 996 4427 adjeci,
1016 4347 1179 4427 negotium,
1201 4348 1280 4430 quod
1296 4366 1362 4427 080,
1378 4347 1452 4431 Tibi=
1463 4365 1551 4409 com-

208 4436 353 4496 mendans
369 4442 482 4517 quanta
497 4454 620 4515 possum
635 4435 801 4515 diligentia.
818 4437 872 4505 (cfr.
885 4442 929 4492 111.
942 4436 1013 4506 726.)

294 4525 394 4587 Multa
410 4524 569 4605 occupatio
585 4525 616 4587 in
632 4524 834 4606 typographia
854 4522 935 4586 inter
949 4525 1052 4598 rudes,
1073 4544 1169 4606 neque
1186 4525 1264 4588 enim
1278 4524 1328 4587 bic
1343 4526 1463 4588 fervent
1478 4526 1552 4588 offi-

210 4611 305 4675 cinae.
351 4612 450 4677 Orede
473 4614 545 4676 mihi
567 4614 793 4694 quatuordecim
821 4613 886 4675 dies
909 4614 1021 4678 dilatus
1044 4633 1116 4677 snm.
1165 4613 1291 4676 Interim
1317 4614 1451 4695 quotidie
1476 4615 1554 4678 mihi

110 4731 114 4745 f
206 4702 337 4764 eundum
352 4702 410 4764 luit
426 4703 655 4779 adPalatiuum,
671 4703 720 4785 qui
734 4722 782 4765 me
797 4703 959 4767 1000001000
974 4702 1082 4766 habuit
1097 4709 1129 4765 et
1148 4703 1281 4765 donavit
1305 4703 1352 4765 Eo
1372 4703 1554 4768 discedente

175 4884 179 4898 ,
207 4810 287 4855 nova
303 4791 630 4874 successitoccupatio
653 4792 881 4867 commendandi
901 4793 1085 4878 exemplaria
1099 4791 1228 4875 Legatis
1250 4800 1283 4856 et
1297 4793 1555 4864 Procuratoribus
