3112 5474
489 230 625 336 Caputll.
647 270 720 325 Error
732 270 808 339 vulgi.

542 587 660 713 Caput
686 588 749 664 IV.

61 789 133 834 rrum
146 774 288 834 mahom
301 765 444 832 revolem
458 773 539 830 certo
553 785 617 831 nora
638 726 789 850 amayae
811 787 928 831 aarum
947 767 1121 832 ootrdtrtie
1137 764 1257 831 Christi
1263 787 1273 844 3

452 862 711 938 ctarpomentvm
726 856 837 939 operia.
1060 874 1065 890 ¹

61 1033 264 1116 Quodsiergo
285 1041 401 1098 certum
416 1052 527 1097 annum
548 1033 721 1097 nativitatis
737 1029 854 1101 Christi
867 1033 1031 1113 designare
1055 1034 1258 1117 temporisque
1279 1035 1318 1098 ab

61 1126 78 1187 d
92 1144 150 1188 nos
163 1144 259 1207 usque
281 1123 359 1205 lapsi
374 1141 520 1186 summam
542 1123 700 1206 addiscere
717 1123 864 1204 cupimus,
885 1122 917 1185 id
934 1114 1044 1204 operae
1061 1124 1192 1187 dandum
1208 1131 1265 1199 est,
1285 1132 1320 1186 ut

63 1233 100 1277 or
115 1214 207 1278 dictis
221 1212 439 1288 monumentis,
460 1232 502 1275 sc.
515 1211 663 1293 principio
686 1219 718 1273 et
732 1211 783 1274 fini
799 1212 885 1292 regni
900 1211 1047 1288 Herodis,
1069 1222 1104 1275 ut
1120 1212 1218 1276 edicto
1236 1209 1318 1276 Cae-

61 1302 203 1384 Augusti,
217 1311 252 1364 ut
266 1303 410 1364 adventui
426 1320 581 1382 magorum
597 1309 629 1362 et
643 1300 841 1375 infanticidio,
858 1309 893 1362 ut
909 1300 1036 1381 deniqne
1054 1301 1103 1366 15.
1114 1301 1226 1365 Tiberii
1238 1322 1317 1365 anno

61 1391 148 1455 sedes
164 1400 266 1455 certas
282 1390 470 1472 assignemus
485 1391 516 1452 in
525 1390 729 1470 „aliqnaaera
744 1389 828 1452 verbi
845 1407 938 1452 causa
953 1391 983 1452 in
998 1410 1071 1453 aera
1086 1398 1194 1454 nostra
1209 1391 1316 1466 usuali,

68 1481 121 1543 hic
138 1500 229 1562 supra
243 1481 432 1544 millesimum
448 1479 700 1543 sexcentesimum
715 1485 890 1541 numeratur
905 1486 1032 1560 quartus
1049 1479 1190 1543 decimus.

61 1570 181 1632 Dixerit
195 1570 244 1632 hic
267 1569 390 1650 aliquis,
412 1568 486 1631 nihil
509 1587 584 1649 opus
600 1587 668 1630 esse
692 1567 808 1630 calculo
823 1567 872 1629 vel
893 1567 1060 1631 locatione:
1085 1588 1244 1632 numerare
1261 1590 1318 1633 nos
1342 1624 1343 1628 ,
1404 1580 1406 1582 ’
1455 1652 1460 1664 Ι

61 1658 129 1722 614
154 1678 250 1721 anuos
269 1657 420 1722 aChristi
442 1657 618 1720 nativitate:
643 1664 747 1720 tenere
771 1676 843 1737 ergo
865 1657 1062 1720 nativitatem
1084 1658 1175 1720 istam
1200 1657 1316 1722 Christi

75 1746 170 1827 hujus¹
182 1766 281 1822 aerae,
296 1747 375 1810 hauc
386 1748 494 1810 'sedem
509 1745 588 1826 ejus,
599 1753 631 1808 et
644 1746 723 1808 hanc
739 1752 884 1808 annorum
900 1765 1046 1809 summam
1067 1766 1143 1808 esse.
1187 1747 1313 1829 Nequa-

82 1856 157 1899 vero
180 1837 227 1898 ita
249 1837 360 1900 habet:
393 1836 456 1899 ista
477 1854 605 1917 namque
628 1853 773 1897 annorum
798 1854 929 1910 summa,
953 1835 1027 1899 licet
1048 1835 1258 1917 receptissima
1284 1844 1317 1903 et

61 1944 89 1988 :o
110 1945 167 1988 usu
188 1925 327 1988 stabilita
349 1925 406 2000 sit,
432 1919 553 1988 brevior
581 1933 684 1986 tamen
707 1931 771 1998 est,
798 1942 887 2006 quarn
910 1933 946 1986 ut
968 1945 987 1987 a
1010 1925 1173 1988 nativitate
1198 1924 1317 1989 Christi

61 2014 153 2079 ndat:
177 2015 328 2079 deiectum
349 2015 484 2077 latentur
498 2012 652 2094 pleriqueo
667 2032 752 2075 mnes
774 2032 813 2076 ex
833 2014 1046 2077 hodieruomm
1068 2014 1318 2095 chronologorum

61 2151 68 2179 ,
84 2102 208 2186 qnidam
222 2123 313 2166 unum
329 2122 447 2178 annum,
464 2102 584 2184 quidam
598 2102 750 2165 biennium
766 2102 988 2165 desiderantes:
1008 2111 1043 2169 ιιι
1058 2103 1094 2165 de
1114 2103 1152 2166 iis
1162 2104 1228 2185 jam
1243 2103 1317 2167 nihil

61 2215 83 2268 ι,
106 2193 157 2275 qui
172 2192 212 2254 ad
228 2201 367 2273 quartum
390 2199 423 2253 et
444 2191 585 2272 quintum
600 2211 694 2274 usque
715 2192 965 2273 progrediuntur,
987 2211 1112 2274 quorum
1131 2193 1180 2256 hic
1195 2193 1316 2275 proprie

61 2301 93 2344 m
108 2301 179 2363 ago:
214 2281 288 2344 Etsi
300 2280 379 2344 enim
394 2299 478 2343 error
493 2280 552 2342 iste
574 2280 671 2344 tacito
684 2281 768 2362 vulgi
790 2300 940 2345 consensu
960 2282 1072 2345 sensim
1090 2281 1232 2345 invaluit:
1256 2302 1316 2346 non

61 2379 160 2434 tamen
179 2371 260 2435 illius
276 2361 386 2433 causae
403 2388 576 2432 communes
596 2370 733 2433 omnibus
756 2389 905 2453 exaequo
923 2369 1123 2446 Christianis,
1146 2372 1200 2434 sed
1217 2371 1315 2434 exsti-

61 2470 73 2523 t
87 2460 212 2541 passim,
228 2460 277 2541 qui
293 2478 425 2524 errorem
440 2458 628 2539 detegerent
659 2456 748 2530 Quod
762 2466 797 2521 ut
813 2468 961 2540 appareat
976 2468 1067 2542 utque
1083 2461 1180 2541 magis
1195 2461 1226 2523 in
1241 2480 1315 2542 pro·

61 2569 73 2611 r
91 2550 144 2624 sit,
159 2548 229 2630 quid
244 2548 435 2630 potissimum
450 2547 481 2610 in
497 2547 673 2629 quaestione
688 2555 828 2610 versetur
848 2555 880 2609 ct
896 2567 953 2628 quo
970 2568 1036 2611 curn
1052 2548 1226 2612 adversario
1242 2549 1315 2612 mihi

60 2646 90 2701 t:
113 2638 263 2720 quaedam
276 2637 326 2701 hio
342 2657 381 2699 ex
396 2637 534 2719 sequenti
550 2635 649 2718 capite
668 2634 717 2699 14.
740 2636 937 2718 anticipando
951 2655 1063 2719 perque
1085 2638 1232 2721 sriptores
1249 2658 1315 2701 om-

63 2727 235 2791 seculorum
253 2726 381 2790 eundum
400 2734 457 2789 est
494 2777 497 2781 ,

61 2814 247 2897 Quamquam
262 2816 420 2879 fecerimus
437 2833 547 2896 operae
563 2812 771 2895 compendium
792 2814 879 2877 unius
894 2813 1017 2878 Eusebii
1034 2815 1193 2878 citatione:
1218 2813 1314 2896 quiin

61 2925 87 2968 re
103 2904 318 2985 chronologico
334 2905 555 2989 citansPatres
571 2903 798 2966 ecclesiasticos
814 2903 1040 2980 antecedentes,
1056 2924 1131 2986 quos
1147 2903 1313 2981 iuterTer-

61 3014 124 3070 nus,
141 2992 282 3058 Clemens
295 2993 530 3069 Alexandrinus,
545 2993 689 3055 Irenaens
699 2992 761 3068 dvc,
776 3012 816 3054 ex
832 3011 934 3056 eorum
948 2993 1102 3057 sententia
1120 2994 1314 3057 nativitatem
1375 2983 1378 2999 '

60 3083 87 3146 ti
102 3083 236 3146 collocat
250 3082 290 3145 ad
304 3082 357 3167 41.
370 3080 421 3144 vel
436 3082 487 3154 42.
497 3082 643 3163 Augusti:
673 3100 740 3144 cnm
755 3089 858 3145 tamen
881 3101 953 3145 aera
975 3091 1082 3146 nostra
1101 3082 1249 3145 hodierna
1263 3082 1313 3145 in-

61 3216 63 3227 ,
85 3172 206 3234 demum
226 3170 313 3234 244.
326 3171 459 3253 Augusti
479 3191 571 3235 auno:
595 3171 698 3253 itaque
721 3171 816 3234 series
839 3177 984 3235 annornm
1007 3171 1124 3236 Christi
1144 3172 1175 3234 in
1198 3191 1313 3235 canone

61 3260 97 3324 bii
110 3268 164 3348 eat
177 3261 296 3339 unitate
318 3261 446 3336 auctior,
468 3280 558 3342 quam
580 3260 674 3324 series
696 3279 786 3324 aerae
808 3261 982 3324 hodiernae.
1012 3260 1176 3325 Eusebium
1191 3270 1314 3326 secutus

61 3351 237 3432 leronymus,
252 3350 466 3432 Hieronymum
476 3350 618 3431 Prosper,
634 3368 738 3412 omnes
753 3369 812 3412 nno
829 3370 909 3413 auno
924 3350 992 3432 plus
1008 3359 1211 3427 numerantes,
1227 3370 1315 3434 quam

61 3460 77 3501 s
93 3439 192 3502 hodie.
217 3437 352 3511 Quomm
366 3438 541 3502 numerandi
556 3439 704 3503 rationem
721 3457 759 3500 ex
774 3439 927 3504 hodiernis
943 3440 1136 3524 chronologis¹
1151 3449 1315 3522 sequnntur

61 3527 150 3591 ardus
164 3528 335 3602 Mercator,
355 3529 529 3610 Buntingus
545 3536 578 3590 et
593 3527 653 3590 alii.
689 3529 736 3590 At
750 3547 822 3591 vero
839 3548 898 3591 nou
914 3529 1051 3592 contenti
1072 3527 1131 3592 hac
1146 3529 1315 3592 differentia

60 3618 173 3680 odorus
192 3626 225 3680 et
239 3616 388 3700 Sulpitius
404 3616 550 3691 Sammo,
566 3616 620 3679 sed
635 3616 747 3679 Patres
762 3617 987 3698 antiquissimos
1003 3618 1137 3699 pressius
1152 3619 1314 3680 imitandos

61 3707 105 3770 lle
122 3726 190 3781 uno,
203 3706 253 3770 hic
269 3705 385 3770 duobus
400 3706 487 3770 annis
510 3706 602 3769 altius
624 3724 713 3788 qnam
727 3706 876 3769 Eusebius
898 3707 1093 3783 nativitatem
1110 3706 1224 3770 Christi
1248 3708 1312 3769 col-

61 3804 88 3871 t,
110 3795 232 3859 biennio
255 3803 288 3858 et
302 3796 432 3860 triennio
447 3796 516 3877 plus
530 3795 696 3870 habentes,
718 3814 807 3878 quam
832 3796 939 3876 vulgus
954 3796 1053 3859 hodie.
1098 3795 1314 3859 Cassiodorum
1338 3870 1348 3884 Γ

61 3885 250 3948 rtldarianus
261 3883 382 3960 Scotus,
398 3885 533 3967 seqnitur
547 3904 629 3959 vero,
645 3892 680 3946 ut
689 3884 817 3958 videtur,
831 3884 927 3965 primo
939 3883 1094 3959 Severum,
1110 3884 1217 3946 deinde
1233 3883 1312 3948 Cas-

61 3994 122 4037 rum
137 3974 237 4056 aliquo
252 3994 356 4056 usque,
373 3975 498 4038 tandem
512 3995 578 4038 curn
587 3973 719 4037 Eusebio
735 3974 815 4037 redit
823 3973 854 4036 in
864 3973 994 4056 gratiam
1010 3975 1132 4056 ejusque
1148 3974 1198 4036 filo
1214 3974 1315 4055 pergit

61 4092 63 4119 ι
78 4064 120 4126 ad
135 4070 270 4129 aetatem
286 4058 379 4140 suam,
394 4081 504 4126 annum
526 4064 636 4126 abhinc
657 4063 937 4146 quingentesimum,
960 4082 1078 4144 semper
1093 4082 1171 4125 anno
1185 4082 1261 4136 uno,
1283 4064 1313 4126 in

61 4153 189 4216 rioribus
210 4152 303 4215 etiarn
324 4153 444 4217 biennio
466 4153 533 4234 plus
555 4172 731 4228 numerans,
754 4172 843 4234 quam
858 4152 1000 4234 aequales
1016 4153 1094 4232 ejus,
1118 4172 1192 4233 quos
1207 4153 1314 4234 vulgus

61 4261 108 4305 um
133 4241 277 4324 sequitur.
320 4243 409 4306 Hunc
433 4243 526 4323 igitur
548 4242 679 4305 Mariani
704 4250 859 4306 auctorem
883 4241 1098 4306 Cassiodorum
1129 4249 1252 4328 tuentur
1277 4261 1314 4304 ex

61 4331 127 4395 rnis
140 4331 294 4412 Josephus
311 4330 450 4413 Scaliger
466 4331 587 4413 ejusque
602 4330 739 4394 imitator
755 4330 869 4395 Sethus
886 4327 1047 4394 Calvisius.

61 4421 172 4483 Verum
187 4420 339 4483 enimvero
353 4421 385 4484 in
400 4421 458 4484 hoc
472 4420 574 4483 libello
590 4419 662 4482 mihi
677 4440 737 4483 non
752 4421 912 4502 praecipue
928 4438 995 4483 cnm
1009 4420 1068 4483 hoc
1087 4421 1208 4484 defectu
1223 4440 1314 4484 aerae

61 4529 92 4573 re
107 4508 232 4585 usualis,
250 4510 301 4591 qui
317 4518 366 4573 est
379 4510 468 4573 nnius
483 4509 532 4589 vel
552 4509 678 4572 duomm
693 4529 846 4585 annorum,
861 4529 909 4573 res
924 4517 987 4572 est:
1005 4518 1040 4573 ut
1054 4509 1103 4592 qni
1117 4510 1314 4574 satiamultos

61 4619 111 4664 ex
125 4598 281 4662 veteribus
291 4606 324 4662 et
332 4599 496 4683 modernis,
507 4598 559 4679 qui
574 4617 641 4662 eum
656 4598 851 4680 redarguant,
865 4599 972 4680 quibus
989 4600 1124 4664 omnibus
1141 4608 1173 4662 et
1189 4601 1314 4681 siugulis

61 4708 164 4771 ,noque
180 4687 338 4765 subscribo
353 4689 511 4764 hactenns,
527 4689 626 4769 quoad
641 4688 841 4770 antiquiorem
855 4689 970 4751 molunt
980 4685 1096 4752 Christi
1111 4689 1313 4753 nativitatem.

72 4776 248 4845 definienda
269 4778 441 4860 quantitate
462 4777 598 4861 deiectus
618 4777 707 4860 hujus
729 4797 788 4841 non
799 4778 873 4842 illos
888 4785 1030 4854 tantum,
1044 4778 1095 4861 qui
1109 4797 1200 4859 unum
1215 4778 1313 4862 etqui
