3142 5482
573 245 652 296 noae
672 244 785 295 Editoris.
1270 248 1332 309 543

18 440 110 494 regno
131 424 285 486 Persarum,
306 438 358 493 quo
378 428 440 493 toto
456 427 585 492 tempore,
605 439 655 492 per
674 439 757 478 annos
782 425 846 487 100,
866 424 943 479 nulla
961 425 1005 479 vel
1025 423 1165 478 rarissima
1183 425 1214 479 flt
1233 426 1332 479 mentio

18 506 192 557 iudaeorum
212 503 241 556 in
260 503 387 571 dosepba
407 509 598 573 praeterquam
618 502 706 556 0nioe
726 510 755 557 et
770 502 883 557 Simonis
902 503 1063 573 pontificum
1102 504 1191 559 Erant
1211 505 1331 575 oppressi

18 583 194 636 exercitibus
214 582 365 646 hostilibus,
386 582 413 635 iu
433 582 580 636 Phoenicia
599 583 829 636 concurrentibus.

116 665 181 717 104.
212 662 288 723 Quod
301 679 364 715 vero
373 660 473 715 Daniel
493 662 603 715 seorsim
623 661 716 715 scribit
735 665 768 715 de
778 663 951 736 hebdomada
970 678 1033 723 una,
1054 665 1183 733 quomodo
1204 679 1254 732 per
1274 663 1332 731 ejus

18 741 163 794 dimidium
175 742 211 793 sit
221 742 379 794 abolendum
395 740 466 810 juge
488 740 652 802 sacrificium,
673 742 699 795 id
709 737 823 810 scriptor
842 742 904 795 libri
913 742 1160 815 Macchabaeorum
1171 750 1198 796 et
1209 743 1331 795 Christus

18 824 79 890 ipse
103 821 226 874 dominus
246 820 417 889 interpretati
438 827 500 873 sunt
520 823 553 873 de
574 821 743 874 bebdomada
763 839 816 874 non
837 821 940 883 ultima,
961 823 1007 874 sed
1030 821 1075 874 ilie
1097 821 1202 892 quidem
1222 824 1256 875 de
1277 839 1332 874 una

18 920 31 953 e
55 900 152 953 medio
172 916 291 962 numero,
312 901 345 952 de
366 899 438 953 bello
455 917 490 953 sc.
500 900 635 961 Antiochi,
656 900 865 961 anter.167‚
886 900 1008 954 Christus
1029 903 1062 954 de
1083 917 1139 955 uns
1158 917 1331 969 supernume-

17 979 110 1038 rasia,
133 980 240 1032 diuulsa
260 994 278 1030 a
297 978 521 1047 praecedentibus
542 979 579 1033 69
600 980 644 1032 rel
666 980 711 1040 70.
733 981 858 1033 debello
878 996 913 1033 sc.
933 980 1056 1041 Judeico‚
1077 981 1147 1051 quod
1168 982 1246 1036 finem
1266 981 1331 1034 heb·

17 1060 171 1112 domadum
192 1065 265 1111 certo
286 1057 434 1112 insecutum
454 1066 497 1112 est
515 1060 560 1112 vel
583 1060 637 1115 100
658 1059 735 1112 annis
760 1054 905 1113 secundum
929 1059 1179 1128 interpretat-ionem
1200 1059 1331 1113 Eusebia·

17 1156 96 1200 nam,
118 1140 165 1191 vel
187 1139 223 1193 'io
244 1138 388 1190 secundum
408 1140 555 1192 modernos.
1101 1142 1105 1147 ’

118 1219 183 1272 105.
213 1218 337 1286 Longum
364 1224 436 1270 esset
462 1220 595 1271 deducere
622 1233 779 1271 consensum
803 1217 883 1287 hujus
913 1217 1010 1272 calculi
1036 1234 1095 1271 cum
1124 1217 1332 1288 antiquitatibus

18 1295 171 1366 Tyriorum
198 1314 234 1350 ex
254 1296 387 1364 dosepbo.
408 1297 607 1366 Aegyptiorum
633 1315 670 1350 ex
689 1298 854 1352 Manetboue
875 1305 903 1350 et
922 1299 1074 1359 Herodoto,
1100 1297 1273 1367 Assyriorum
1294 1314 1345 1368 ex!
1373 1344 1377 1352 .

19 1377 155 1430 Diodoro.
195 1376 248 1428 Sed
268 1374 405 1429 sufficiunt
422 1376 552 1432 hactenus
578 1377 651 1430 dicta
671 1379 706 1431 ad
726 1378 951 1446 comprobandum
971 1377 1012 1439 id.
1038 1378 1107 1447 quod
1133 1376 1208 1430 initio
1235 1392 1331 1445 propo·

23 1455 105 1507 situm
127 1462 185 1508 est:
210 1456 295 1510 rideri
316 1456 445 1524 epocham
470 1456 686 1519 astronomicam,
707 1473 778 1527 quae
797 1454 888 1509 omnes
913 1456 1027 1509 omnium
1051 1458 1222 1525 planetarum
1243 1463 1331 1509 motus

24 1535 110 1587 babet
132 1535 274 1603 dispositos
295 1534 322 1587 in
330 1535 437 1605 punctis
457 1535 638 1589 cardinalibus
659 1553 744 1606 eoque
764 1535 907 1588 creationis
928 1543 1059 1589 momento
1079 1524 1329 1596 commmodum,

25 1630 166 1684 annosque
177 1615 252 1669 3993
263 1615 298 1668 ab
309 1631 343 1668 ea
352 1615 386 1667 ud
397 1611 531 1669 Christum
551 1615 698 1670 rectissime
718 1615 854 1670 conciliari
874 1632 934 1669 cum
948 1614 1062 1669 historia
1075 1629 1155 1670 sacra
1169 1613 1329 1683 etprofana
