3112 5474
587 280 700 349 capnss.
725 281 835 338 nabau.
863 233 868 243 ¹
1162 263 1167 277 '
1311 265 1381 346 285

62 413 216 487 Saturninus
232 422 343 507 Syriae
358 442 484 506 presses
499 387 654 508 peregerit
668 428 758 510 longe
774 437 847 493 ante
858 426 1025 502 Quirinium
1039 431 1226 512 praesidem
1242 434 1380 517 quodque

57 507 97 575 loc
108 514 204 577 verbis
219 514 324 578 Lucae
339 513 564 596 Euangelistae·
573 514 702 580 Graecis
718 537 862 600 expresse
879 519 1006 584 dicatur.

121 600 283 687 Calel
313 600 400 676 Quae
416 604 453 667 de
476 606 609 670 aduentu
623 606 783 689 Magorum
806 609 890 673 etde
912 609 1101 673 infanticidio
1123 611 1220 678 tradit
1234 611 1379 694 Evange-

45 689 103 755 listu
110 693 301 769 Matthaeus,
315 693 407 775 plane
422 714 557 759 consona
571 714 640 760 esse
655 696 702 772 iis,
718 698 958 780 quaeJosephus
974 699 1084 783 aliique
1099 700 1237 765 historici
1250 701 1381 766 Romani

42 781 112 848 circa
125 803 238 847 annum
254 803 346 847 aerae
359 784 420 848 Jul
429 784 482 847 41.
497 785 642 850 referunt

115 871 195 955 Cap.
209 873 297 937 XIII.
341 873 391 936 Ex
414 881 519 938 aetate
544 873 677 951 Christi,
701 895 791 958 quam
813 878 1015 960 Evangelistc
1036 878 1139 944 Lucas
1160 880 1189 943 ei
1210 880 1317 944 tribuit
1340 881 1380 944 ud

34 961 214 1044 baptismum
231 962 393 1027 'accedenti
415 983 495 1026 anno
517 983 608 1029 aerae
629 964 771 1028 Julianae
785 961 846 1031 1¹73.
867 968 1064 1032 linientevel
1087 963 1139 1033 tt.
1160 969 1298 1046 ineunte,
1319 989 1380 1034 non

30 1070 116 1132 posse
134 1061 280 1117 accurate
295 1053 477 1136 investigari
489 1073 601 1119 annum
619 1053 735 1121 Christi
751 1057 939 1135 natalitium3
968 1059 1157 1140 suffragante
1171 1059 1259 1123 nobis
1273 1059 1378 1124 Euan·-

28 1142 157 1221 g'elistae
174 1149 262 1206 textu
279 1142 411 1208 Graeco.
422 1162 432 1225 j

114 1231 194 1314 Cap.
203 1233 290 1296 XIV.
316 1230 402 1305 Quae
418 1252 530 1299 causae
545 1233 699 1313 ueteribus
709 1235 864 1315 Patribus,
879 1254 932 1300 cur
947 1237 1140 1301 nativitatem
1157 1236 1273 1302 Christi
1288 1256 1380 1320 repc-

29 1329 138 1388 nerent
153 1323 195 1386 ad
209 1323 306 1386 finem-
315 1323 387 1386 anni
403 1341 494 1388 aerae
508 1323 650 1388 Julisnae
666 1323 718 1389 43.
733 1326 783 1389 vel
798 1325 916 1390 initium
932 1326 1003 1390 anni
1018 1327 1071 1402 44,
1085 1327 1206 1393 hlennio
1223 1328 1289 1391 solo
1306 1335 1379 1391 ante

28 1410 144 1475 initium
160 1432 253 1475 aerae
268 1411 446 1488 hodiernus:
470 1413 522 1478 alii
537 1413 679 1491 triennio,
693 1414 745 1478 alii
760 1434 840 1479 anno
855 1434 923 1479 uno.
1098 1440 1099 1445 ¹

98 1500 193 1584 Cap.
206 1503 279 1566 XV.
311 1499 379 1575 Quo
395 1508 540 1586 tempore,
561 1504 668 1587 quibua
684 1505 894 1571 occasionibus
910 1511 944 1567 et
958 1523 1016 1588 quo
1032 1512 1156 1569 auctore
1172 1505 1306 1583 inuenta,
1321 1525 1380 1589 quo

31 1589 98 1654 item
118 1592 151 1655 in
172 1612 260 1656 usum
276 1601 401 1675 recepta
423 1593 466 1657 sit
487 1591 705 1659 aChuistianis
717 1594 888 1660 occidentis
904 1614 976 1658 aera
991 1613 1134 1671 erronea,
1156 1615 1216 1678 qna
1230 1596 1379 1680 hodieque

34 1682 152 1745 utimur:
176 1683 228 1746 ubi
245 1690 277 1746 ct
293 1683 331 1746 de
347 1683 396 1746 die
411 1682 518 1747 natali.
830 1708 832 1714 ⁴
1379 1700 1390 1725 ²

608 2264 740 2407 'Caput
762 2307 790 2380 Ι.
818 2339 820 2341 ’

288 2452 293 2457 ’
384 2483 464 2559 ¹120
477 2481 614 2549 murae
628 2485 724 2570 aare
736 2484 1012 2579 reseratores

116 2662 186 2725 Non
202 2661 345 2736 diffiteor,
361 2660 458 2724 lector
466 2661 650 2740 Christiane,
665 2664 826 2728 nonnullos
841 2664 990 2727 ecclesiae
1004 2662 1116 2726 Patres
1131 2662 1252 2726 minime
1267 2683 1377 2729 necee-

50 2750 139 2814 sarium
154 2750 321 2826 censuisse,
336 2757 371 2813 ut
384 2750 423 2814 in
432 2752 669 2817 circumstantiis
684 2753 819 2816 externis
834 2751 1017 2816 Natiuitatis
1028 2749 1144 2815 Christi
1157 2770 1264 2816 ,omnes
1278 2753 1378 2831 minu-

49 2838 92 2902 t'as
105 2847 368 2924 persequerentur.
403 2841 566 2906 ‘Viderunt
581 2844 675 2918 enirn,
699 2843 725 2906 si
739 2843 890 2926 quispiam
912 2841 1059 2906 ecclesiae
1082 2840 1255 2905 antistitum
1269 2842 1377 2909 iatius-

49 2930 109 2993 nodi
129 2931 227 2995 rebus
246 2930 393 2994 curiosius
415 2930 602 3014 inquirendis
624 2949 718 3015 usque
742 2933 782 2995 ad
807 2927 1034 2996 contentionum
1058 2930 1160 2994 studia
1182 2931 1378 3013 provehatur,

44 3017 91 3096 lan
109 3021 193 3085 illum
215 3037 375 3108 censuram
403 3019 565 3086 incurrisse
587 3022 774 3104 increpantis
795 3022 956 3105 Apostoli,
984 3021 1035 3104 qui
1059 3021 1219 3084 'limotheo
1248 3028 1282 3084 et
1302 3021 1376 3104 Tito

47 3111 256 3188 quaestionibus
270 3111 378 3174 harum
393 3110 556 3188 similibus,
578 3133 655 3196 quae
670 3113 790 3194 quidem
804 3112 887 3175 rixas
903 3111 1053 3185 excitent,
1069 3130 1148 3193 quae
1161 3111 1376 3187 honosmores,

46 3214 103 3278 quae
118 3201 268 3281 pietatem
283 3200 453 3277 destruunt,
473 3208 509 3264 ut
524 3203 745 3286 erant‘legales
759 3211 792 3265 et
806 3201 1036 3283 genealogicae,
1058 3200 1137 3263 serio
1153 3200 1317 3266 interdicit

113 3291 229 3352 Verum
246 3290 326 3353 enim
338 3292 409 3354 v'ero
425 3311 485 3355 non
501 3310 598 3369 omne,
613 3291 694 3375 quod
706 3291 870 3375 episcopus
880 3299 1073 3359 contemnere
1082 3289 1197 3372 potest,
1211 3297 1376 3373 propterea

46 3382 68 3437 et
85 3379 261 3462 simpliciter
284 3380 536 3445 contemnendum
551 3389 624 3459 -est3
647 3401 704 3445 nec
727 3381 754 3445 sl
778 3381 849 3464 quid
880 3388 989 3445 onerat
1012 3387 1045 3443 et
1068 3380 1196 3462 impedit
1220 3380 1376 3458 doctorem

45 3468 174 3532 ecclesiae
196 3469 361 3550 majoribus
378 3471 458 3534 curie
472 3471 630 3548 intentum,
645 3471 677 3535 id
686 3479 851 3554 propterea
865 3471 959 3534 etiam
969 3468 1008 3537 ab
1018 3469 1146 3534 aliarum
1155 3470 1376 3552 professionum

44 3553 195 3623 hominibus
211 3562 261 3622 est
276 3559 489 3639 abjiciendum:
513 3569 545 3624 et
559 3562 673 3626 multae
689 3568 761 3624 sunt
775 3561 979 3644 quaestiones,
999 3557 1091 3643 quae,
1106 3560 1131 3622 si
1146 3560 1230 3623 rixas
1246 3560 1377 3636 auferas,

45 3656 136 3712 emant
155 3647 333 3730 religionem
349 3648 556 3714 Christianam
571 3659 655 3716 recte
678 3651 849 3733 explicatae
865 3658 920 3714 aut
935 3671 954 3713 a
969 3648 1106 3714 ludibriis
1121 3649 1376 3713 illamuindicant

44 3751 143 3814 eorum,
164 3739 216 3821 qul
238 3732 310 3801 sunt
332 3746 422 3803 extra
444 3741 618 3805 ecclesiam:
642 3760 701 3825 quo
723 3741 842 3805 nomine
866 3740 893 3803 si
915 3760 975 3803 non
997 3735 1199 3815 necessariae,
1223 3739 1375 3822 optabiles

43 3829 128 3892 tanen
143 3828 265 3891 omnino
281 3836 360 3893 sunt
547 3882 551 3886 .
1323 3850 1326 3859 ·

112 3919 267 3982 Viderunt
279 3917 338 3982 hoc
353 3918 515 3982 discrimen
531 3937 570 3982 ex
584 3918 705 3984 Latinis
720 3919 932 4003 Hieronymus,
955 3937 994 3982 ex
1009 3916 1139 3987 Graecis
1153 3915 1320 3992 Eusebius,
1342 3923 1376 3979 et

44 4008 173 4072 unteillos
184 4007 336 4084 Clemens,
351 4009 546 4090 Theophilus,
560 4009 734 4089 Africanus,
750 4008 871 4085 Castor,
880 4009 1029 4073 Tatianus
1039 4007 1148 4089 aliique
1158 4005 1308 4081 nonnulli3
1324 4005 1375 4088 qui

45 4099 159 4175 quemvis
169 4096 346 4162 Christiana
354 4097 503 4180 professio
513 4105 612 4162 totum
622 4100 725 4163 orbem
733 4106 883 4162 terrarum
893 4103 1083 4179 occupasset,
1098 4096 1234 4178 quamvis
1245 4095 1376 4162 ecclesia

44 4185 184 4264 maculis,
199 4188 282 4250 uitae
298 4186 474 4264 sanctitate,
490 4189 637 4270 graduum
652 4190 731 4252 inter
746 4188 904 4252 antistites
920 4187 1025 4252 ordine
1041 4192 1074 4249 et
1095 4185 1246 4267 dignitate
1266 4204 1373 4250 corus·

45 4284 111 4338 caret
122 4284 347 4360 martyrumque
363 4277 625 4346 innumerabilium
639 4279 786 4360 sanguine
801 4277 1005 4360 promtissime
1021 4275 1156 4357 quotidie
1171 4275 1324 4358 rigaretur
1341 4281 1376 4339 et
1443 4326 1445 4330 ,

45 4367 261 4443 confirmaretur,
276 4375 311 4429 ut
326 4387 386 4430 non
401 4367 556 4431 videretur
571 4386 647 4449 opus
664 4387 733 4430 esse
749 4360 936 4431 discussione
951 4365 1163 4447 quaestionum
1178 4365 1373 4447 chronologi-

47 4469 127 4519 carum
136 4458 175 4520 ad
184 4456 274 4519 fidem
285 4454 401 4521 Christi
410 4457 542 4520 fidelium
552 4457 790 4520 suffulciendam:
807 4457 990 4539 quiatamen
1001 4461 1069 4518 erat
1078 4462 1195 4518 certum
1209 4455 1373 4538 genusho·

48 4543 143 4622 minum,
157 4547 331 4629 philosophi
347 4547 430 4622 dicti,
445 4546 496 4628 qui
507 4545 714 4610 Christianam
728 4546 906 4628 religionem
913 4553 968 4610 aut
981 4545 1083 4626 pelam
1093 4545 1312 4626 oppugnabant
1321 4551 1376 4606 sut
1420 4600 1422 4610 Α

51 4634 122 4696 ttrite
130 4644 301 4719 suspectam
307 4637 478 4700 reddebant
484 4635 682 4699 ventilatione
691 4634 1125 4718 chronicarumquaestionum,
1139 4635 1275 4716 utigitur
1282 4633 1376 4697 etiam

52 4715 86 4781 bis
97 4727 303 4802 consuleretur,
318 4733 353 4789 ut
369 4724 554 4790 Christianis
569 4724 645 4808 ipsis
661 4727 802 4809 scrupuli,
817 4746 892 4809 qnos
908 4726 952 4790 illi
966 4725 1148 4807 injecerant,
1163 4725 1376 4799 eximerentur,

57 4804 215 4879 dictiPatres
229 4814 523 4898 chronologicasunt
535 4816 674 4899 aggressi
686 4835 725 4879 ex
738 4816 877 4899 professo
888 4812 1057 4898 bonamque
1073 4832 1196 4898 operam
1210 4814 1289 4887 alins
1302 4819 1376 4897 post
