3142 5476
35 256 44 277 .
120 279 124 285 ,,
203 225 280 295 ¹120
408 202 412 206 η
539 222 541 227 ’
639 236 1182 303 Lieemxepleridismmqnemnmss

205 429 208 435 ·
254 414 255 417 ¹
302 388 395 452 Mitto
410 386 519 450 librum
535 384 572 447 ds
588 380 688 448 Stella
710 400 776 445 cum
792 377 1030 461 digressiuncula
1051 376 1281 458 chronologice
1319 372 1442 439 Stultus
1462 380 1549 456 typo-

216 478 360 562 graphus,
376 496 443 540 eum
457 476 488 537 in
499 472 663 553 exemplari
679 471 792 552 scripto
809 470 937 532 frontem
952 487 1012 530 non
1026 467 1184 542 inveniret,
1198 472 1355 532 mutuatus
1371 472 1422 526 est
1436 463 1551 526 titulum

214 570 351 649 ineptum
366 585 404 628 ex
419 563 565 644 allegoria
579 561 664 623 initio
679 567 836 640 usurputs,
852 576 919 620 cum
934 557 1010 632 dixi,
1030 576 1078 619 me
1094 557 1132 618 eb
1147 555 1256 619 itinere
1278 554 1423 638 primario
1440 548 1475 632 (e
1488 570 1551 613 ma·

206 657 296 721 ,teris
311 656 379 719 libri
395 654 431 715 de
448 645 563 732 Stells)
580 669 739 713 excurrere
755 648 832 710 velle
849 646 1042 709 amoenitatis
1063 664 1156 708 osuss
1173 645 1206 707 in
1222 645 1329 706 silvam
1348 643 1429 705 banc
1445 636 1551 722 (quee-

206 745 348 812 -stionem
364 741 481 806 scilicet
495 740 614 803 unicam
629 731 897 819 chronologicum),
913 736 957 798 sic
972 754 1011 797 ex
1025 752 1086 797 unu
1105 734 1212 797 arbore
1234 733 1312 795 silva
1331 733 1426 794 fecta
1463 730 1552 793 Salu-

206 843 280 898 tem
295 841 347 896 tuo
363 829 482 894 nomine
496 829 543 896 Ill
552 829 591 891 D.
600 827 764 890 Wackerio
781 826 852 901 dixi,
867 843 961 907 esque
976 824 1139 889 occasione
1148 822 1261 885 multus
1276 841 1368 904 super
1382 821 1446 884 tuis
1461 838 1551 906 quae·

216 923 366 987 stiouibus
380 919 468 983 nobis
483 925 574 981 natus
590 923 639 979 est
654 935 762 979 sermo.
838 962 843 970 .
1231 978 1234 985 ,
1293 939 1299 949 ·

307 1010 397 1074 Vale.
443 1006 509 1072 Gal.
524 1006 600 1070 Dec.
616 998 709 1069 1607.
1076 1077 1079 1083 Δ

226 1092 228 1096 ’
714 1094 792 1156 Ven.
807 1092 846 1156 D.
861 1092 895 1154 Τ.
911 1086 1063 1155 officiosus
1076 1096 1084 1109 ²

1273 1178 1306 1242 J.
1322 1175 1472 1260 suppus.

287 1327 382 1379 Eadem
390 1326 420 1376 de
429 1340 458 1382 re
469 1337 553 1390 psuea
572 1324 642 1375 dedit
653 1323 762 1388 Keplero
779 1321 980 1388 Brenggerus
992 1320 1103 1373 medicus
1118 1318 1206 1386 (comp.
1220 1320 1276 1371 Vol
1285 1318 1317 1372 ll.
1329 1336 1354 1387 p.
1366 1318 1400 1369 63
1410 1334 1444 1369 ss.
1456 1316 1508 1370 686
1516 1324 1556 1381 eei

215 1412 303 1452 mense
316 1397 385 1463 Sept.
400 1391 476 1449 1eot.
496 1396 618 1446 scribens:
643 1394 684 1446 De
696 1407 761 1445 anno
780 1400 807 1443 et
824 1393 1000 1458 dispersionis
1016 1391 1115 1443 Domini
1137 1394 1207 1444 rideo
1225 1392 1270 1442 tibi
1289 1406 1338 1442 non
1357 1392 1488 1440 convenire
1505 1404 1556 1439 eun

217 1471 334 1536 Smlyga
370 1468 403 1519 iit
415 1475 484 1520 eerts
495 1482 544 1518 non
554 1468 623 1532 potul
635 1468 711 1517 risum
723 1466 860 1523 continere,
880 1477 936 1514 cum
948 1464 1066 1530 legerem,
1085 1478 1149 1528 quae
1161 1476 1218 1530 pap.
1230 1462 1287 1514 136.
1301 1459 1366 1523 (Vol.
1380 1461 1413 1511 11.
1427 1474 1487 1526 ηις.
1497 1455 1555 1521 ise)

218 1543 249 1595 de
260 1542 309 1593 hac
322 1553 349 1591 re
362 1541 488 1604 scripsisti
524 1538 577 1604 Ego
589 1552 646 1588 curu
658 1536 830 1588 cnrbmsnno
843 1542 869 1586 et
880 1534 1002 1586 lielthero
1013 1536 1154 1599 passionem
1165 1538 1191 1585 in
1202 1547 1227 1585 a.
1238 1532 1294 1585 chr.
1304 1533 1347 1584 33.
1359 1533 1473 1598 vulgaris
1485 1545 1556 1582 aeres

217 1621 243 1666 et
255 1613 278 1663 d
293 1611 317 1663 3.
327 1612 387 1676 Δρῐ.
399 1625 498 1674 repono,
511 1610 570 1674 quia
586 1610 669 1667 rideo,
688 1608 785 1672 psseha
792 1610 867 1670 Juxta
877 1606 1047 1657 Hebraeorum
1058 1613 1200 1671 computum
1211 1606 1388 1670 investigatum
1408 1610 1436 1655 et
1454 1605 1554 1654 charae·

217 1692 284 1736 teres
299 1682 483 1733 hebdometieos
500 1682 526 1730 in
541 1680 618 1731 saeris
635 1679 713 1729 literis
730 1693 857 1744 expressos
873 1677 931 1727 huie
946 1679 1051 1742 tempori
1070 1676 1103 1727 ed
1121 1679 1240 1728 amussim
1259 1675 1415 1741 respondere.
1454 1674 1556 1739 Susis-gs

220 1763 247 1808 et
258 1758 312 1818 ejns
323 1766 426 1818 praeses
435 1751 573 1802 Deeierlus
586 1753 675 1815 spretis
686 1751 725 1802 his
739 1749 850 1800 omnibns
862 1748 951 1800 saltem
962 1750 1074 1799 innititur
1082 1748 1226 1800 austeritati
1236 1754 1335 1812 patrum
1347 1745 1436 1811 synodi
1446 1744 1556 1796 cremn-

213 1828 294 1885 nair,
313 1839 370 1876 eum
381 1831 469 1875 tamen
484 1838 533 1873 non
541 1824 638 1889 ignoret
656 1836 688 1872 er
697 1821 782 1880 Beds,
801 1821 931 1887 plerosque
949 1827 1048 1885 petrum
1059 1821 1200 1884 posterioris
1218 1820 1335 1884 temporis
1354 1819 1429 1868 aliter
1447 1817 1556 1868 sensisse.

218 1899 318 1948 Annum
328 1896 468 1946 nativitatis
480 1893 573 1944 Christi
585 1893 649 1957 quod
661 1895 760 1952 ettinet,
772 1894 821 1942 etei
833 1891 935 1943 difficile
946 1892 1007 1942 mibi
1018 1894 1059 1950 sit,
1071 1891 1189 1956 epocham
1201 1892 1322 1943 mitetans
1332 1890 1351 1939 4
1362 1889 1403 1939 vel
1415 1889 1556 1939 bannorum

192 2008 197 2019 .
219 1969 306 2020 erroris
316 1966 473 2023 insimulare,
492 1970 577 2014 tamen
588 1967 699 2015 rationes
719 1970 773 2015 ete
785 1963 881 2014 suetas
900 1964 966 2015 tenti
984 1969 1042 2013 sunt
1053 1964 1183 2021 momenti,
1200 1969 1230 2013 ut
1247 1977 1297 2014 non
1308 1960 1423 2019 rideam,
1443 1958 1556 2028 quomode

218 2041 297 2091 everti
308 2045 353 2089 aut
364 2036 513 2087 labefactari
524 2037 627 2100 possint
837 2035 839 2041 '
1464 2040 1466 2043 ’

288 2143 446 2208 Keplerus
458 2141 594 2207 respondit:

309 2269 357 2330 De
374 2285 452 2329 enno
467 2266 618 2346 passionis
633 2263 798 2346 persuadet
812 2263 885 2327 mihi
900 2263 1068 2327 Declrerius
1084 2282 1123 2326 ex
1137 2263 1324 2345 Epiphani03
1347 2282 1418 2326 num
1429 2262 1556 2326 culculus

199 2382 201 2387 ’
219 2357 404 2424 iudaeorum
419 2356 515 2418 fertur
529 2355 619 2418 biduo
635 2353 811 2435 anticipare.
841 2354 949 2434 Itsque
968 2353 1075 2433 scripsi
1091 2354 1130 2415 sd
1144 2353 1334 2428 Deekerium,
1350 2353 1376 2415 si
1392 2371 1431 2414 ex
1442 2351 1556 2415 Graeco

223 2453 312 2510 textu
326 2444 504 2526 Epiphanii,
526 2444 645 2507 haeresi
666 2442 716 2505 50.
739 2450 772 2504 et
786 2442 837 2505 61.
858 2441 981 2522 probari
1002 2442 1060 2505 hoc
1081 2434 1200 2524 possit,
1217 2461 1264 2504 me
1285 2449 1420 2504 resumto
1437 2442 1514 2504 libro
1529 2447 1556 2506 et

220 2536 338 2599 oelsmo
354 2534 455 2616 quiete
476 2551 524 2594 me
546 2551 664 2595 rursum
679 2531 912 2613 compositurum
933 2531 973 2593 ed
992 2531 1110 2616 pulpits
1129 2532 1245 2614 ipsique
1268 2531 1380 2594 diutius
1402 2530 1556 2594 ausculta·

222 2632 329 2688 tnmm
360 2627 498 2694 (οιηοιη
516 2622 768 2691 detinemini.)

288 2764 375 2823 Liber,
395 2777 468 2831 quem
487 2762 585 2825 scripsit
594 2760 719 2825 Keplerus
730 2761 816 2828 lingua
828 2760 978 2813 Germanice
993 2762 1024 2812 de
1041 2774 1105 2813 enno
1123 2760 1214 2813 Christi
1230 2760 1318 2813 Natali
1335 2757 1469 2823 („Bericbt
1480 2757 1556 2822 w),

114 2864 115 2881 .
219 2848 314 2901 magne
330 2850 360 2885 ex
370 2841 443 2899 perte
454 2833 600 2884 Helisaeum
616 2832 759 2883 Roesllm
777 2839 887 2897 spectat,
907 2833 950 2898 qui
966 2846 1030 2883 auno
1049 2833 1118 2884 1612
1134 2824 1245 2884 inbbro:
1265 2832 1430 2893 ,Prodromus
1444 2831 1556 2882 diserte

220 2909 316 2958 donum
328 2901 578 2970 Chronologioerum⁸⁴
591 2902 696 2967 Kepleri
707 2906 870 2963 sententiam,
889 2917 964 2969 quum
975 2905 1000 2954 in
1018 2903 1103 2963 ,Silva
1115 2903 1309 2970 Chronologiea⁴⁴
1322 2904 1480 2961 defenderet,
1495 2902 1556 2953 reln-

221 2985 278 3028 tsre
289 2976 415 3026 studebat
452 2974 577 3038 Keplerns
588 2977 769 3038 responsionem
781 2975 905 3026 adornsus
913 2974 1075 3028 Maestlinum
1087 2975 1287 3034 adiitsubsidie
1298 2976 1361 3025 forte
1374 2975 1407 3025 ab
1419 2974 1464 3024 illo
1475 2981 1556 3040 petens

219 3050 246 3099 in
257 3049 335 3098 literis
348 3043 512 3110 (deperditis),
531 3057 593 3110 quse
606 3044 674 3096 dedit
685 3047 824 3097 initio-enni
838 3043 917 3104 1613,
937 3047 1002 3111 quod
1019 3047 1052 3096 ab
1071 3048 1112 3098 illo
1131 3047 1226 3098 iactum
1244 3061 1299 3109 esse
1319 3045 1417 3097 orbae
1433 3045 1556 3096 Mmtbm

219 3119 378 3183 responsione
392 3115 425 3179 ((1
440 3118 463 3167 (1
477 3116 520 3167 28.
530 3115 589 3180 Apr.
605 3114 683 3179 1613)
696 3118 851 3179 conjicimus:
875 3116 973 3167 Literes
992 3124 1062 3176 tuas,
1080 3118 1126 3169 Vir
1144 3118 1293 3178 clarissime,
1311 3116 1426 3178 Domine,
1439 3124 1467 3168 et
1484 3118 1556 3166 amice

219 3190 370 3246 honorande,
383 3189 456 3239 datas
466 3186 490 3238 6.
504 3187 543 3237 vel
555 3183 580 3235 7.
590 3186 719 3237 Februarii
737 3184 832 3252 (procul
850 3188 922 3238 dubio
939 3189 994 3239 stilo
1014 3184 1100 3253 novo),
1121 3204 1168 3254 ego
1185 3191 1285 3240 demum
1301 3186 1377 3240 d26.
1390 3188 1480 3240 liaru'i
1496 3193 1528 3238 st
1539 3203 1554 3234 r

220 3261 315 3325 accepi
353 3258 481 3323 Optarsm,
495 3272 539 3308 ess
551 3261 685 3320 temporius
697 3259 758 3308 mihi
769 3259 846 3309 muse
857 3259 973 3310 traditae.
1180 3269 1182 3273 ’
1369 3270 1371 3280 ·

291 3328 407 3396 intelligo
419 3337 446 3380 te
462 3332 488 3380 in
508 3329 671 3379 examinando
687 3332 779 3394 scripto
790 3329 823 3380 D.
836 3330 947 3380 Roeslim
965 3329 1086 3382 laborare.
1100 3348 1102 3350 ·
1120 3333 1173 3398 Epo
1181 3333 1217 3384 ‚id
1227 3333 1346 3396 scriptun
1361 3330 1464 3396 quidem
1475 3329 1556 3381 habac

221 3401 308 3453 redut
320 3416 406 3452 rerum
418 3401 513 3459 fatear,
532 3400 558 3449 ln
576 3414 605 3450 eo
621 3400 743 3452 bactenm
760 3401 816 3451 aliis
834 3401 967 3463 distractus
985 3404 1081 3453 nonnid
1092 3403 1171 3454 obiter
1186 3404 1309 3469 quasdam
1326 3404 1385 3468 legi.
1415 3402 1450 3452 Et
1466 3402 1556 3467 quiden

224 3487 271 3538 ego
287 3475 341 3536 jam
361 3472 513 3537 aliquamdiu
532 3484 549 3521 e
566 3471 647 3521 studio
667 3471 835 3538 chronologico
855 3473 970 3524 sbstinui.
1006 3473 1093 3524 Ratio:
1118 3474 1212 3526 Nobilis
1228 3475 1274 3527 Vir
1292 3474 1315 3525 J.
1335 3473 1364 3524 (1.
1376 3472 1495 3525 Harsart
1513 3473 1556 3522 sui

222 3545 341 3608 superiori
353 3558 417 3594 anno
430 3544 503 3594 editis
514 3541 601 3592 Norae
614 3540 790 3609 chronologiae
803 3544 936 3608 capitibus,
954 3558 1056 3608 quornm
1074 3546 1181 3610 capitum
1194 3546 1303 3611 sliquam
1319 3552 1418 3610 partem
1430 3545 1492 3597 mibi
1504 3551 1556 3594 ants

221 3615 416 3681 publicationem
428 3612 630 3671 communicavit,
646 3628 687 3663 me
703 3615 812 3679 proiecto
824 3614 924 3665 dubium
942 3616 1049 3666 reddidit
1067 3622 1094 3666 et
1111 3619 1208 3681 penitus
1224 3612 1374 3682 perplexum.
1410 3616 1438 3666 le
1457 3616 1556 3681 quinque

219 3687 291 3752 paria
304 3686 431 3736 cumulum
443 3701 475 3736 ex
486 3683 601 3748 catalogo
614 3685 742 3749 consulum
752 3684 918 3737 Romanomm
931 3692 1006 3750 etque
1018 3690 1054 3738 ric
1067 3686 1083 3736 6
1095 3689 1204 3753 integros
1216 3703 1292 3739 annos
1304 3688 1377 3746 tollit,
1388 3687 1493 3754 illosque
1506 3700 1556 3738 eum

221 3757 288 3808 eules
301 3771 350 3806 non
362 3771 406 3820 pro
418 3756 547 3806 ordInariis
560 3754 604 3804 sed
616 3755 726 3807 suffectis
740 3758 860 3821 agnoseit
895 3757 1016 3809 Rationes
1027 3759 1101 3809 affert
1116 3760 1249 3810 edmodum
1265 3758 1409 3825 plausibiles
1422 3766 1451 3809 et
1468 3758 1556 3809 calcub

220 3828 385 3879 mercurios
397 3842 443 3892 per
455 3828 584 3891 eclipsium
597 3825 721 3877 caleulum
733 3827 899 3878 confirmetur.
935 3829 1019 3879 Annos
1036 3829 1094 3880 olins
1106 3832 1212 3881 usitatos
1230 3831 1307 3882 brisso
1323 3845 1372 3881 nou
1384 3830 1500 3889 Solares,
1519 3828 1556 3880 eet

219 3900 415 3966 quadrimestres
433 3905 524 3964 argute
539 3896 640 3962 probat,
666 3913 709 3961 pro
725 3899 813 3965 quibus
831 3913 914 3950 omnes
939 3900 1049 3950 historici
1068 3904 1229 3953 assumserim
1251 3915 1328 3952 sunos
1347 3901 1456 3952 Solarsa
1492 3900 1556 3951 Unde

218 3973 368 4023 novennium
378 3975 433 4019 tum
444 3971 565 4019 usitatum
578 3975 617 4017 eet
628 3973 728 4019 tentum
739 3971 873 4021 triennium
885 3969 982 4029 Solare,
1000 3973 1040 4022 cul
1052 3975 1165 4038 congruit
1176 3973 1270 4025 reditus
1286 3973 1416 4023 triennalis
1429 3979 1556 4023 usuum

220 4041 359 4092 Suismonis
372 4047 398 4091 et
406 4041 473 4106 repis
481 4039 569 4091 Hiram
577 4035 644 4098 (eum
656 4042 708 4091 suis
718 4041 804 4105 procul
816 4042 889 4091 dnbio
901 4043 976 4092 totius
984 4045 1060 4094 marie
1072 4045 1247 4095 mediterranei
1260 4039 1428 4109 complicibus)
1441 4059 1474 4094 ex
1486 4043 1556 4108 Ophir

203 4170 205 4175 7
219 4113 270 4163 sire
282 4109 356 4163 Peru.
382 4110 453 4162 Unde
465 4113 579 4177 sequitur
589 4109 658 4159 urbis
667 4110 763 4163 Romee
776 4114 918 4170 exstructio,
930 4112 990 4163 belli
1001 4114 1101 4177 Troiani
1112 4116 1229 4174 historie,
1250 4115 1408 4181 Gsrthepinis
1421 4114 1556 4166 uilior&

219 4184 305 4234 multis
318 4184 389 4234 annis
400 4184 533 4246 posterior,
551 4194 626 4246 quam
642 4183 731 4248 vulgus
752 4183 952 4250 chronologorum
971 4192 1064 4235 censet
1101 4185 1143 4238 Sic
1161 4188 1282 4238 transitus
1294 4186 1381 4238 Xerxis
1400 4187 1426 4236 in
1437 4186 1556 4250 Europam

190 4307 195 4322 s,
218 4255 244 4306 ln
255 4257 345 4305 rostris
358 4253 528 4321 Chronologiis
540 4253 686 4304 obaraetere
699 4256 870 4315 umonomioo,
883 4255 978 4320 ingenti
989 4257 1105 4308 videlieet
1118 4256 1198 4309 solari
1210 4259 1302 4323 eclipsi,
1316 4259 1469 4309 destituitur.
1494 4255 1556 4308 sm-

116 4349 120 4362 .
219 4327 304 4392 tingm
316 4338 373 4377 eam
385 4327 478 4390 repetit
489 4341 520 4378 ex
530 4323 623 4389 Utopis
633 4325 676 4376 rel
687 4339 719 4375 er
728 4325 868 4390 Aethiopia
898 4325 1077 4378 Atlierverto
1089 4329 1132 4379 illa
1151 4333 1252 4396 egregie
1263 4330 1340 4380 iavet.
1371 4328 1431 4379 Alie
1442 4327 1556 4394 relinquo

217 4397 271 4447 litei
282 4403 369 4456 autern
379 4411 429 4447 ηοη
440 4397 583 4463 simpliciter
595 4397 679 4448 omnis
689 4399 799 4462 probem,
810 4404 851 4448 ut:
870 4398 936 4465 quod
945 4391 995 4448 non
1004 4397 1083 4463 cyrus
1092 4399 1208 4465 Magnus,
1222 4400 1351 4464 cambysis
1362 4406 1445 4466 peter,
1458 4399 1556 4450 iudaei

218 4468 390 4533 captivitatem
401 4466 579 4533 Babylonicum
592 4467 699 4527 solverit,
713 4468 758 4519 sed
771 4467 850 4532 Cyme
860 4470 956 4533 juniorr
970 4471 990 4520 ie
1002 4485 1060 4521 rere
1070 4469 1149 4534 Cyrus
1156 4471 1301 4524 Mesenen
1313 4472 1446 4524 abduxerit
1458 4478 1486 4522 et
1496 4484 1556 4538 qut

187 4573 192 4589 .
218 4539 357 4602 huiusmodi
369 4546 438 4590 sunt:
462 4543 500 4591 ita
511 4541 673 4607 posteriorum
686 4543 739 4604 ejus
752 4541 863 4604 capitum
880 4541 981 4592 stilnre
997 4541 1054 4592 stilo
1065 4541 1172 4605 priorum
1184 4545 1281 4594 omnino
1298 4543 1393 4594 alienus
1404 4543 1518 4602 ridetur,
1539 4558 1556 4593 e

157 4631 160 4637 ·
218 4609 366 4662 indidem
384 4611 524 4664 mnodum
536 4612 615 4676 sepit:
634 4609 715 4661 multa
733 4617 819 4662 tamen
837 4612 873 4662 eie
885 4613 1030 4677 simpliciter
1047 4615 1150 4676 rejicere
1166 4629 1270 4679 nequeo.
1306 4615 1429 4680 Exspecto
1446 4615 1527 4681 igitur
1538 4629 1556 4664 e

219 4693 310 4747 quaero
321 4688 428 4747 tempus,
439 4696 487 4749 que
500 4684 548 4745 eut,
557 4683 673 4735 ineudsm
684 4681 730 4733 iiis
741 4689 769 4734 et
778 4696 837 4735 mes
848 4697 968 4735 revocem.
1004 4683 1098 4744 Quodsi
1109 4686 1162 4749 ipse
1173 4686 1261 4736 vicerit
1276 4682 1404 4747 (rationes
1415 4699 1465 4751 ege
1477 4685 1556 4736 audin

220 4752 294 4812 soleo,
307 4758 334 4805 et
343 4766 407 4822 quae
413 4753 528 4808 meliores
538 4761 596 4807 eunt
603 4755 732 4821 prioribus,
744 4759 802 4807 utut
809 4755 870 4807 mibi
876 4754 1019 4822 plausibiles
1028 4755 1204 4817 monstrose,
1216 4770 1260 4812 ees
1273 4754 1381 4824 equor),
1394 4764 1466 4809 certe
1474 4759 1556 4824 iupa
