3150 5482
404 224 582 278 semenstris
598 224 666 278 nolu
683 226 818 278 Amatam

97 423 101 458 ι
121 404 148 462 in
168 399 347 477 altitudinem,
367 404 517 462 venisses
537 422 587 476 pro
606 421 719 477 corpore
738 406 820 477 hujus

99 527 106 550 ,
126 482 154 539 in
174 486 375 554 comparatione
391 488 455 540 ‘curn
474 487 580 541 ceteris

97 566 146 619 ¹in
165 566 248 635 priori
268 582 395 638 processu
416 567 534 628 attendi.
554 566 601 621 ubi
621 567 736 636 primum
755 582 817 620 con·
910 571 930 635 '‚
955 581 967 611 ο
1118 526 1123 668 l
1144 557 1209 640 mm
1234 556 1260 586 '¹'

114 642 281 719 quotientum
311 661 360 707 ssu
389 661 539 714 corporum·
564 645 747 706 incrementa,
783 647 837 709 ab,v

97 725 183 778 rmino
204 724 302 779 iterum
326 727 528 788 decrescerent,
555 725 615 779 illos
640 725 725 796 igitur
746 725 819 778 sinus

105 805 177 866 Quos
204 821 264 857 curn
291 803 451 874 interposita
475 820 531 858 una
559 806 639 859 nocte
668 812 818 875 repeterem

97 890 188 948 etum,
209 884 352 953 apparuit,
380 883 552 953 Gpuncturn
577 884 818 944 circumferentiae,

97 963 287 1017 ›dmaximum
313 979 410 1033 corpus
434 955 646 1027 terminabatur,
667 980 819 1019 connexum

103 1044 237 1112 praebere
258 1045 322 1106 Ge,
348 1045 421 1097 latus
447 1043 509 1097 cnbi
525 1044 562 1097 in
587 1044 733 1112 sphaeram
759 1043 818 1099 Alc

125 1129 154 1176 et
183 1122 228 1177 GC
258 1123 416 1195 diagonirmr
448 1123 524 1193 plani
553 1116 648 1179 cubici
669 1140 718 1178 seu
746 1125 842 1179 latus

112 1202 141 1256 in
161 1204 264 1257 eadem
276 1200 309 1272 ⁸¹)
619 1205 621 1215 ”

923 442 978 493 Hoc
1000 452 1073 508 pacto
1096 445 1118 493 si
1136 420 1214 494 iuerll

97 1684 145 1748 ’,ἱό
173 1684 466 1768 proportionis
497 1686 687 1751 usitatae
708 1684 755 1753 ,in

102 1770 410 1849 ¹sabricadolii
440 1770 663 1851 Austria‘ci.

488 2304 663 2372 Theorema
684 2305 738 2383 IV.

97 2443 101 2481 ι
132 2421 475 2504 parallelepipedorum
509 2428 565 2487 ecci
602 2420 827 2500 columnarum,
861 2419 1088 2501 inscriptorum
1119 2419 1273 2501 sphaerae

101 2511 294 2593 guastinis
322 2525 361 2577 ec
387 2511 528 2592 opposito
546 2511 728 2612 'quadratis
755 2509 887 2575 bambae
917 2514 1072 2590 caecant,
1106 2509 1204 2576 cubeta
1226 2515 1273 2577 eet

463 2619 601 2664 maximo
625 2617 761 2694 corpore.

97 2734 220 2781 eorema
242 2721 291 2780 est
319 2714 474 2781 hactenus
505 2712 736 2779 desideratum:
768 2712 829 2778 etsi
858 2711 957 2778 habet
986 2713 1073 2779 dixin
1096 2713 1273 2781 evidentem

97 2804 173 2885 ogia.
189 2803 341 2868 Circulos
364 2812 412 2868 est
433 2803 574 2869 omnium
596 2802 775 2886 planorum,
801 2801 1181 2886 aequalibus-perimetris
1198 2825 1272 2870 con·

97 2914 135 2973 n,
167 2893 424 2975 capacissimum,
453 2885 493 2957 nt'
521 2891 751 2956 demonstravit
783 2890 911 2975 Pappus
944 2889 1026 2956 libro
1040 2919 1043 2923 ·
1059 2891 1097 2955 ll.
1143 2892 1207 2958 Sed
1234 2900 1274 2959 et

97 3003 138 3061 m,
170 2981 299 3064 aequali
329 2981 464 3046 letemm
491 3000 622 3045 nomem
644 2979 864 3045 contentorum
887 2985 920 3043 et
941 2978 1067 3068 aequali
1088 2980 1271 3063 perimone,

97 3076 145 3134 int
177 3069 289 3134 circuli
311 3069 472 3148 similiora,
488 3069 673 3152 'capaciora
695 3072 779 3147 sunt.
824 3069 964 3133 Rursum
986 3075 1018 3134 et
1039 3076 1274 3152 segmentorum

97 3157 150 3222 reis
166 3156 303 3243 circulis,
326 3179 459 3241 quorum
475 3157 743 3223 circumferentiae
765 3162 838 3221 sunt
852 3156 1010 3240 aequales,
1035 3159 1274 3241 capacissimum

97 3246 252 3312 icircnlus.
267 3302 269 3309 .
284 3246 347 3312 nd
369 3246 503 3311 eundem
524 3247 654 3336 modum
676 3253 710 3312 et
731 3245 830 3310 cubus
853 3251 900 3310 est
923 3245 1098 3311 solidorum
1125 3247 1273 3326 omnium,

97 3332 263 3417 equalibus
280 3356 353 3400 cum
374 3335 430 3400 illo
453 3334 681 3419 superficiebus
710 3336 923 3413 continentur,
954 3335 1188 3418 capacissimus.
1233 3335 1276 3402 Et

97 3443 183 3488 rrum
212 3423 515 3506 isoperimetrorum‚
546 3444 611 3505 quo
640 3423 736 3488 iberit
763 3422 927 3507 quodlibet
955 3422 1113 3506 sphaerae
1142 3425 1276 3490 similius

97 3517 131 3576 et¹
146 3514 278 3577 numero
300 3512 447 3591 laterum,
470 3513 536 3578 hoc·
552 3512 701 3596 capacius
723 3519 787 3576 est:
815 3512 1002 3577 icosaidron
1025 3513 1155 3595 quidem
1178 3527 1274 3599 capa·

97 3600 228 3684 aquia
249 3598 396 3683 plurimis
419 3599 548 3665 basibus
576 3605 771 3680 contentum,
802 3606 840 3664 ut
866 3599 1005 3665 circulus
1025 3599 1161 3667 ¹infinitis
1183 3600 1277 3687 quasi

138 3688 233 3754 'Haec
253 3690 360 3764 omnia
381 3691 512 3774 Pappus
533 3687 631 3753 habet
652 3685 734 3752 libro
746 3687 793 3752 V.
1269 3717 1272 3719 >

97 3777 110 3841 l
133 3784 166 3842 et
178 3778 230 3847 ¹de
251 3778 421 3860 segmentis
436 3780 634 3859 diversorum
656 3775 823 3857 globorum
837 3776 1062 3860 isoperimetris
1077 3776 1275 3851 demonstra·

97 3865 247 3954 himedes,
280 3867 522 3950 capacissimum
548 3886 615 3931 esse
644 3864 914 3948 hemisphaerium
935 3866 1075 3932 omnium
1097 3863 1183 3947 globi
1205 3883 1275 3948 seg·

97 3975 150 4035 un,
173 3975 253 4038 quae
268 3955 395 4037 aequali
415 3954 579 4039 superficie
601 3954 834 4032 contineantur.
861 3953 966 4019 'Haec
988 3953 1118 4038 quidem
1133 3959 1279 4037 praestat
1384 3999 1390 4003 -

97 4044 202 4115 ceteris
225 4043 335 4110 circuli
356 4051 388 4108 et
410 4042 493 4126 globi
515 4036 640 4121 natura
665 4061 739 4105 cum
760 4041 1101 4132 suntisoperimetrae.
1141 4041 1276 4118 Quando

97 4133 240 4196 'emittitur
268 4133 305 4197 iis
324 4133 515 4214 vaequalitas
543 4130 719 4214 superficiei
754 4131 953 4214 vicissimque
987 4131 1086 4195 datur
1118 4130 1278 4214 polyedn‘s
1327 4152 1328 4155 ¹

97 4220 229 4304 sphaera
251 4221 496 4305 circumscripte,
521 4220 717 4285 contrarium
747 4219 901 4303 contingit
927 4219 1096 4298 nonnullis,
1120 4227 1158 4284 ut
1180 4219 1275 4285 dode·

97 4366 98 4371 ,
128 4309 170 4373 sit
198 4313 307 4394 majus
328 4309 507 4389 icosaiidro,
539 4309 625 4392 quod
645 4308 908 4373 demonstrarunt
929 4308 1114 4391 Apollonius
1137 4314 1168 4374 et
1191 4309 1277 4392 Hyp·

97 4396 123 4462 d
144 4388 322 4471 Euclidem:
360 4403 396 4462 at
424 4399 486 4464 hoe
513 4403 646 4481 propter
673 4396 808 4461 eandem
829 4394 915 4480 globi
938 4403 1085 4461 naturam
1107 4398 1223 4463 accidit
1245 4402 1278 4461 et

114 4486 348 4552 similitudinem
370 4485 491 4570 figurae
513 4506 586 4560 cum
606 4483 710 4568 globo,
724 4496 817 4568 'quae
837 4485 889 4549 hic
909 4492 1032 4567 regnat.
1078 4486 1171 4551 Prius
1182 4486 1276 4562 enim

97 4575 214 4658 quales
245 4580 352 4641 essent
380 4568 571 4668 superficies,
603 4573 776 4639 similitudo
806 4581 879 4638 cunr
908 4573 1002 4657 globo
1030 4573 1225 4639 consistebat
1245 4575 1278 4638 in

97 4664 170 4732 diue
188 4663 437 4748 superficierum.
482 4659 548 4730 Hic
564 4682 637 4730 cnm
659 4660 850 4744 angulorum
872 4663 906 4727 in
928 4664 1023 4728 variis
1046 4660 1156 4742 figuris
1172 4659 1277 4745 'pona-

97 4753 129 4818 is
158 4752 305 4837 aequalis
334 4757 367 4818 et
396 4753 558 4839 dispositio
590 4772 648 4835 per
678 4751 766 4831 illum
796 4749 964 4820 ordinata:
1002 4751 1176 4819 similitudo
1205 4771 1279 4819 cum
