3112 5474
436 253 441 265 ’
510 276 650 344 Gapatlll.
675 277 892 331 amandae.
1274 296 1277 299 ·
1306 254 1367 324 29¹

42 425 66 482 et
77 417 262 482 Nehsrniae:
286 418 365 500 qnod
379 418 459 483 idern
473 427 507 483 st
522 422 559 484 de
574 421 662 485 annis
676 421 764 486 Darii
778 421 888 498 Nothi,
897 417 1082 485 Artaxerxis
1097 417 1222 482 alterins
1237 424 1270 480 et
1284 417 1372 480 deni-

38 527 84 588 qne
105 507 194 570 Darii
210 505 399 571 Codomanni
427 509 517 572 datur
538 509 680 591 intelligi:
713 512 809 592 deque
831 507 1062 583 Macedonibus,
1087 507 1136 588 qni
1160 498 1384 575 successerunt,

35 597 134 661 Persis
147 597 180 659 in
195 597 390 677 possessione
403 596 550 673 iudaeae,
565 599 602 662 de
611 600 788 663 Alexandro
805 618 847 662 sc.
862 597 984 679 ejusque
1001 595 1225 658 successoribus
1239 595 1271 658 in
1281 594 1372 677 Syria

32 692 61 747 et
73 685 239 766 Aegypto,
262 705 336 768 quos
352 686 432 749 inter
447 695 515 750 erat
529 687 671 752 diuturna
686 688 840 752 contentio
856 687 893 751 de
908 684 1081 760 Phoeniciu,
1102 683 1289 777 Palaestina,
1312 685 1370 747 Ju-

30 774 104 838 daea
119 782 248 854 totaque
270 774 347 838 adeo
363 773 469 856 Syria,
485 776 551 857 jam
566 775 736 851 Seleucidis
757 776 980 840 dominantibus
998 774 1063 854 jam
1082 772 1276 836 Ptolemaeis.
1295 839 1297 843 ,
1321 773 1372 853 Ita

26 863 92 926 libri
107 862 385 927 Macchabaeorum
399 871 524 929 utuntur
539 884 611 928 aera
622 864 808 932 Graecorum
823 874 877 928 aut
886 863 1121 936 Seleucidarum,
1137 862 1279 925 vitandae
1296 880 1370 924 con·

25 952 153 1015 lusionis
176 971 269 1016 causa
291 952 504 1017 continuantes
525 971 671 1024 annorum
693 973 847 1018 numerum
877 975 896 1016 a
916 952 1014 1033 prima
1035 951 1121 1033 regni
1145 950 1370 1013 confirmatione

23 1059 76 1121 per
97 1040 154 1103 illa
177 1040 356 1121 familiarum
378 1041 504 1105 dissidia
526 1044 680 1124 usquead
702 1043 858 1124 imperium
878 1044 1147 1105 Hosmonaeorum.
1191 1040 1282 1102 Jesus
1297 1058 1370 1103 veru

22 1129 192 1211 Syracides
206 1130 301 1192 utitur
323 1130 411 1192 annis
431 1131 600 1196 Ptolemaei
613 1131 790 1213 Euergetis:
813 1141 882 1194 erat
898 1131 977 1194 enim
991 1129 1127 1211 Aegypti
1142 1128 1254 1202 incola,
1276 1134 1370 1208 penes

22 1237 113 1301 qnam
129 1226 253 1300 gentem
267 1218 436 1282 Ptolemaei
459 1239 519 1297 uon
534 1221 706 1301 iutermpta
728 1222 807 1284 serie
822 1240 920 1285 rerum
934 1219 1026 1301 potiti
1042 1224 1113 1280 sunt
1123 1236 1215 1298 nsque
1232 1217 1272 1279 ad
1288 1214 1369 1279 Cae-

24 1326 121 1371 sarea.
158 1308 285 1372 Interim
307 1308 523 1389 languescente
544 1309 683 1390 potentia
706 1310 906 1379 Macedonum
926 1309 957 1371 in
980 1307 1072 1389 Syria
1092 1305 1262 1388 mutuisque
1278 1304 1370 1368 armis

23 1396 145 1471 attrita,
166 1415 235 1458 cnm
249 1404 385 1459 coortum
401 1406 485 1460 esset
499 1416 609 1460 novum
623 1398 654 1462 in
669 1399 846 1468 Palaestina
861 1416 986 1479 regnum
1000 1394 1288 1459 Macchabaeorum:
1311 1394 1369 1456 Ju-

23 1485 91 1548 daei
106 1483 279 1548 Palaestini
294 1484 335 1546 ad
349 1504 461 1549 morem
483 1486 637 1550 redierunt
651 1487 827 1550 numerandi
842 1505 896 1567 per
911 1505 1008 1548 annos
1023 1483 1149 1566 primum
1165 1482 1312 1557 Simonis,
1334 1490 1370 1545 ut

23 1575 53 1636 in
65 1573 296 1648 Macchabaeis,
312 1574 556 1645 deiudeJoanuis
566 1576 700 1657 Hyrcani
715 1594 877 1658 regumque
894 1572 1117 1637 succedentium
1133 1591 1171 1634 ex
1186 1572 1244 1654 hac
1254 1570 1369 1633 familia

23 1681 118 1744 nsque
133 1662 176 1724 ad
185 1663 383 1743 Antigonum,
398 1662 486 1744 hujus
502 1664 789 1728 familiaedudaicae
804 1664 949 1738 ultimum,
965 1662 1062 1744 etqui
1077 1661 1156 1724 hunc
1171 1679 1265 1741 regno
1282 1659 1369 1722 simul

25 1752 139 1817 atrita
152 1750 358 1816 Romanorum
374 1771 430 1832 ope
444 1753 596 1834 spoliavit,
609 1753 960 1831 Herodemldumaeum3
984 1751 1067 1832 cnjus
1082 1737 1120 1813 ul
1132 1757 1165 1811 et
1181 1757 1252 1811 ante
1269 1749 1368 1811 dioto·

25 1860 87 1904 rum
109 1859 253 1904 numerus
275 1859 420 1903 annorum
434 1842 520 1922 regni
539 1843 571 1904 in
593 1843 698 1906 crebro
724 1850 845 1906 maest
866 1840 946 1923 apud
959 1838 1125 1920 Josephum
1146 1857 1246 1901 rerum
1259 1835 1369 1901 Judai·

23 1947 126 1993 carum
147 1929 336 2010 scriptorem
379 1930 464 1993 Idem
485 1949 550 1993 moe
573 1932 653 2014 apud
666 1931 802 1995 Judaeos
823 1931 922 1994 tenuit
944 1929 1036 1991 otiam
1059 1935 1197 2008 tempora
1213 1925 1370 2007 sequentia
1459 1931 1460 1937 ’

25 2017 228 2082 Romanorum
243 2017 467 2099 imperatorum,
483 2019 679 2083 dinumeratis
695 2020 775 2083 euim
787 2017 932 2084 Archelai
948 2018 1000 2080 lilii
1015 2016 1146 2080 Herodis
1162 2016 1249 2078 annis
1266 2015 1370 2078 decem

27 2115 58 2170 ut
70 2106 275 2182 ethnnrchae,
295 2114 457 2190 postquam
479 2108 531 2172 illo
546 2108 578 2171 in
595 2109 721 2172 'exilium
736 2109 834 2189 ejecto
848 2108 968 2171 Judaea
983 2105 1092 2188 Syriae
1115 2104 1290 2167 contributa
1304 2103 1370 2177 init,
1407 2176 1410 2178 ,
1489 2122 1494 2131 ·

27 2215 61 2259 ex
73 2215 111 2259 eo
127 2204 265 2277 tempore
281 2199 440 2278 Angustus
455 2204 667 2278 procuratores
682 2197 714 2260 in
728 2196 876 2261 iudaeam
892 2195 983 2270 misit,
998 2193 1048 2276 qui
1062 2193 1261 2276 ierosolymis
1276 2211 1370 2274 prae-

29 2285 158 2349 siderent
173 2285 240 2348 loeo
249 2303 375 2366 regum:
391 2293 627 2350 consentaneum
641 2287 734 2368 igitur
743 2294 801 2362 est,
815 2286 968 2366 inceptum
983 2291 1055 2346 tune
1070 2301 1184 2345 morem
1194 2281 1369 2344 numerandi

30 2393 77 2454 per
98 2393 198 2438 annos
218 2376 362 2455 Augusti.
405 2375 486 2445 Nem
506 2376 648 2457 Angusto
670 2383 788 2438 mortno
811 2393 865 2455 per
880 2371 993 2436 Tiberii
1014 2372 1200 2435 successoris
1221 2390 1316 2434 annos
1338 2369 1370 2432 in

28 2462 141 2526 iudaea
162 2472 352 2526 numeratum
374 2482 442 2527 esse
467 2483 505 2527 ex
519 2465 604 2529 Luca
626 2474 658 2529 st
671 2463 807 2546 Josepho
829 2463 897 2544 plus
920 2480 1010 2545 quam
1032 2460 1225 2523 manifestum
1248 2467 1312 2534 est,
1334 2465 1370 2519 ut

28 2551 99 2615 inira
114 2552 217 2632 capite
235 2552 284 2615 13.
306 2551 402 2615 insius
424 2553 548 2618 dicetur.
594 2554 660 2616 Hoc
681 2556 753 2616 vero
769 2551 942 2617 nativitatis
959 2549 1075 2615 Christi
1098 2557 1233 2629 tempore
1248 2549 1368 2612 ‚Iudaea

29 2640 119 2704 adhuc
136 2647 205 2703 erat
219 2641 307 2703 nnius
319 2641 449 2704 Herodis
464 2641 589 2722 ἰωρττίο
605 2642 736 2705 subdita

106 2729 197 2792 Hunc
212 2729 306 2811 igitur
319 2729 561 2810 vulgatissimum
582 2749 696 2793 morem
712 2731 876 2793 observans
900 2727 991 2790 etiam
1006 2725 1207 2806 Evangelista
1227 2724 1271 2786 sic
1291 2724 1368 2787 ecri-

30 2817 77 2881 bie
102 2816 184 2884 eam
204 2825 298 2882 uase
317 2826 398 2882 eaaet
416 2819 511 2882 Jesua
534 2820 568 2882 in
588 2816 771 2884 Bethlehem
785 2817 907 2892 Iudae,
929 2817 964 2880 a'n
986 2815 1095 2878 diebus
1115 2813 1258 2877 Herodis
1276 2814 1372 2896 regie:

26 2905 118 2969 Erant
133 2907 243 3005 qnippe
259 2915 292 2970 et
307 2907 359 2970 alii
369 2908 516 2983 Herodes,
531 2909 662 2972 Herodis
677 2909 758 2989 regis
773 2907 860 2981 lilius,
876 2905 923 2969 cni
937 2912 1009 2986 post
1024 2911 1151 2967 mortem
1167 2903 1275 2985 patris,
1290 2921 1368 2991 quae

27 2995 215 3059 nativitatem
232 2994 348 3061 christi
364 3005 471 3060 secuta
486 3006 536 3062 est
550 2998 694 3078 proxime,
710 2997 833 3060 obvenit
849 2993 991 3058 Galilaea
1007 3001 1039 3056 et
1048 2993 1178 3066 Peraea,
1193 3010 1266 3072 pars
1281 2991 1367 3076 pegni

25 3084 125 3164 patrii,
147 3103 208 3147 non
223 3084 304 3164 regis
320 3085 374 3148 sed
390 3086 569 3153 tetrarchae
580 3086 679 3150 titulo.
724 3085 771 3148 Ne
788 3085 891 3166 itaque
908 3102 992 3146 error
1008 3102 1040 3145 se
1056 3081 1224 3145 insinuaret
1238 3081 1270 3142 iu
1286 3086 1367 3141 tem-

25 3191 91 3252 pore
107 3173 147 3235 ob
162 3173 293 3239 conlinia
308 3173 522 3250 successionis,
537 3175 655 3238 addidit
668 3174 848 3249 Matthaeus
865 3172 1007 3246 dilucide,
1024 3170 1213 3252 ternporibus
1227 3167 1370 3232 Herodes

25 3257 96 3340 (non
119 3261 296 3325 tetrarchae
317 3256 387 3343 sed)
409 3264 502 3345 repis.
547 3262 600 3326 Sic
621 3250 723 3326 Lucas
744 3262 946 3342 Evangelista
976 3259 1136 3324 historiam
1161 3258 1368 3340 conceptionis
1493 3339 1497 3356 Ι

24 3349 148 3413 Joannis
163 3350 337 3431 Baptistae,
360 3370 436 3433 quae
452 3351 646 3416 nativitatem
662 3349 777 3414 Christi
796 3350 835 3413 lb
852 3350 1004 3421 mensibus
1019 3347 1198 3430 praecessit,
1214 3347 1258 3411 sic
1275 3365 1366 3409 exor-

25 3438 114 3501 ditur:
137 3437 219 3502 Fae
232 3439 268 3502 ic
282 3439 391 3502 diebus
404 3438 546 3504 Herodis
559 3441 645 3523 regie
659 3439 807 3502 Iudaeae
820 3437 969 3502 accedes
984 3436 1127 3519 quidam,
1152 3437 1209 3515 dec.
1226 3435 1367 3510 Herodis,

25 3527 126 3609 inquit,
141 3527 280 3591 Judaeae
296 3526 387 3608 regis,
402 3548 462 3592 non
478 3529 651 3603 tetrarchae
669 3527 828 3591 Galilaeae
845 3534 878 3589 et
892 3528 1036 3591 Peraeae.

104 3616 223 3680 Morem
239 3616 396 3697 vulgatum
412 3617 611 3681 observarunt
625 3616 852 3696 Evangelistae‚
868 3624 903 3678 ut
918 3615 989 3691 dixi,
1013 3614 1203 3678 describendi
1219 3633 1283 3676 rem
1298 3613 1365 3675 fac·

25 3712 154 3787 temper
169 3705 428 3769 circumstantiam
443 3706 714 3786 imperiillerodis:
731 3725 791 3768 non
807 3706 1008 3767 observarunt
1016 3723 1089 3766 vero
1105 3703 1154 3765 hic
1171 3701 1366 3782 exprimendo

23 3803 132 3858 certum
149 3813 296 3857 annorum
310 3795 426 3876 imperii
442 3814 608 3859 numerum:
632 3814 728 3876 neque
744 3795 822 3856 enim
838 3793 1029 3868 addiderunt,
1045 3800 1137 3874 quoto
1154 3811 1233 3854 anno
1249 3788 1366 3870 imperii

25 3882 82 3961 eius
104 3890 197 3946 natus
220 3883 262 3945 sit
284 3882 433 3948 Christus.
479 3883 581 3947 Causa
603 3891 637 3946 nt
658 3883 690 3946 id
711 3882 883 3956 omiserint,
905 3882 981 3945 haec
1005 3882 1097 3943 fuisse
1119 3880 1255 3942 videtur:
1287 3877 1367 3960 quod

26 3971 231 4053 discipulorum
254 3969 369 4038 Christi
392 3972 451 4047 illi,
475 3993 494 4035 a
519 3972 624 4054 quibus
647 3972 813 4034 suscitatus
836 3979 884 4033 est
905 3970 944 4034 D.
967 3968 1084 4044 Lucas,
1114 3969 1185 4050 quin
1210 3976 1243 4031 et
1266 3975 1367 4030 mater

27 4057 142 4135 Christi,
157 4060 338 4123 beatissima
352 4059 436 4140 virgo
460 4054 547 4141 (nam
569 4069 601 4123 et
616 4080 684 4127 cum
698 4060 750 4124 illa
765 4061 883 4141 locutus
907 4057 957 4121 est
971 4059 1009 4122 D.
1024 4058 1134 4132 Lucos,
1150 4057 1260 4138 qnippe
1276 4074 1365 4138 quam

25 4147 190 4228 depinxisse
206 4143 317 4229 fertur)
332 4149 381 4211 vel
397 4169 548 4231 nunquam
561 4150 770 4231 impresserint
785 4147 947 4212 memoriae
970 4146 1019 4209 vel
1034 4165 1094 4209 non
1115 4145 1366 4208 conservaverint

27 4235 97 4300 inea
111 4245 230 4300 eertum
246 4245 278 4299 et
292 4238 460 4317 praecisum
476 4258 586 4301 annum
600 4239 717 4320 i1nperii
731 4237 878 4313 Herodis,
899 4236 949 4298 vel
972 4242 1055 4298 certe
1078 4253 1138 4296 uun
1160 4232 1365 4296 iudicaverint

27 4322 250 4409 Evangelistae,
271 4333 306 4388 ut
320 4345 384 4389 rem
398 4347 458 4390 uon
481 4328 640 4390 admodum
655 4327 867 4401 necessariam,
890 4324 1036 4399 contenti,
1057 4323 1208 4387 indicasse
1226 4329 1364 4384 extremo

29 4422 153 4497 tempora
168 4415 302 4477 Herodis
317 4416 406 4496 regis.
436 4417 516 4480 Nam
531 4416 692 4480 verisimile
709 4424 767 4492 est,
780 4415 896 4478 Lucam
906 4412 1138 4494 Evangelistam
1153 4431 1214 4473 non
1231 4411 1362 4476 omissu-

30 4519 79 4567 rru
91 4505 188 4570 luisse
204 4522 358 4566 nnmemm
373 4511 518 4568 annorum
533 4505 618 4587 regul
628 4506 766 4581 Herodis,
782 4504 808 4567 si
818 4504 900 4567 illum
916 4522 953 4564 ex
962 4501 1078 4564 idoneis
1090 4500 1263 4564 auctoribus
1281 4499 1362 4561 didi-

30 4591 121 4669 darem
152 4592 337 4676 praesertim
358 4612 393 4655 eo
409 4585 475 4676 ipso
500 4595 583 4671 loco,
605 4615 662 4677 quo
679 4595 716 4658 de
736 4592 934 4674 conceptione
947 4598 988 4655 ,et
1008 4589 1172 4653 nativitate
1195 4588 1310 4653 Christi
1331 4595 1364 4649 et

27 4681 223 4758 ,praecursoria
240 4681 442 4762 ejnsJoannis
458 4683 531 4764 agit
556 4685 636 4748 Nam
651 4685 682 4747 in
698 4683 902 4763 descriptione
921 4678 1066 4761 baptismi
1080 4678 1219 4752 Joannis,
1234 4684 1269 4739 nt
1283 4677 1363 4739 infra

30 4772 165 4853 copiosius
182 4769 384 4851 explicabitur
394 4789 460 4854 cap.
472 4773 522 4848 13,
536 4773 863 4858 cnramharumrerum
873 4768 1103 4844 demonstravit,
1120 4785 1265 4850 expresso
1277 4772 1361 4843 certo

1099 4870 1150 4926 19⁸
