3112 5474
189 226 255 295 360
321 318 324 326 ¹
438 272 445 285 κ
611 275 612 278 =
693 238 818 291 DeAano
828 239 919 292 Natali
930 239 1032 299 Chrlrbb

191 390 308 474 qnid'
284 410 309 452 s1
331 408 387 471 per
406 387 556 451 turnultus
579 383 635 448 suh
650 383 821 458 Archelao,
843 382 899 447 sub
913 383 1025 461 Pilato,
1048 366 1104 447 sub
1118 383 1277 458 Petronio,
1292 382 1510 466 etdeuiqueta·

191 487 299 562 graute
320 479 401 542 bello
425 473 656 555 septentrionali
678 472 807 535 maxime
829 491 865 535 eo
890 480 1044 554 tempore,
1065 493 1122 555 quo
1145 472 1222 536 vicis
1249 472 1341 535 unius
1366 474 1513 538 sacerdotes

191 571 351 632 defuemnt
373 572 406 628 et
427 567 558 627 tortasse
580 570 690 643 postca
709 562 825 624 inventi
847 570 933 637 sunt,
970 563 1064 626 semei
1084 583 1145 625 una
1166 562 1217 625 vel
1246 563 1350 625 altera
1373 563 1516 646 septimana

191 654 309 740 (plures
325 656 474 718 enimnou
487 645 713 732 desiderantur)
729 669 784 731 per
794 652 995 714 cessationem
1012 652 1238 715 sacrificiorum
1242 652 1445 714 transmissae
1460 662 1517 727 suut,

187 755 223 811 ιιι
237 748 282 810 ita
296 743 414 808 Joaribi
429 742 512 804 vices
529 762 548 802 a
564 740 742 803 22.Jn1ii1n
759 740 788 803 5.
802 741 936 821 Augusti
952 742 1212 822 protruderentur,
1235 741 1348 824 quibus
1361 740 1518 805 durantibus

188 836 326 919 sequenti
343 833 371 897 9.
380 821 514 912 Augusti
528 830 577 892 vel
592 829 643 893 Ab
658 829 792 892 Hebraei
807 836 929 910 captum
944 831 1089 912 templum
1105 852 1123 892 a
1138 831 1229 894 Tito?
1448 841 1451 849 ’

99 925 105 949 ¹
275 924 527 986 Demonstratum
542 918 635 1000 igitur
651 926 720 992 est,
729 937 767 979 ex
783 918 1021 999 ephemeriamm
1037 920 1228 987 successione
1244 926 1278 982 et
1294 937 1336 982 ex
1351 927 1461 984 octava
1473 912 1519 983 vioe

187 1014 286 1079 Abiae
302 1013 376 1074 nihil
393 1008 500 1072 contra
515 1007 650 1070 natalem
666 1005 806 1070 Christi'
798 1027 829 1070 ιι
845 1008 896 1070 25.
910 1008 1089 1071 Decembris
1105 1009 1231 1091 deprimi
1253 1020 1366 1091 posse·
1391 1011 1417 1074 ai
1433 1029 1520 1073 auom

186 1101 359 1168 nativitatis
375 1107 533 1167 teneamus
554 1116 641 1179 quem
661 1114 718 1176 ego
734 1095 817 1170 dico,
839 1105 914 1178 puta
935 1098 986 1160 40.
1004 1098 1166 1161 Juliauum.
1211 1098 1357 1179 Scaliger
1378 1119 1450 1163 vero
1470 1100 1520 1182 pol·

187 1191 333 1266 cherrimo
351 1186 520 1269 argumenti
536 1205 646 1267 genere
667 1185 795 1265 primum
816 1185 848 1248 in
868 1186 964 1248 aciem
984 1188 1132 1269 producto
1155 1189 1275 1269 cogitur
1291 1189 1380 1251 abuti
1397 1191 1436 1251 ad
1450 1190 1520 1252 aliun

186 1279 344 1343 nativitati
366 1295 500 1340 mensem
523 1275 771 1356 assignandum,
794 1275 864 1356 quia
879 1275 909 1337 in
926 1296 1004 1339 anuo
1021 1295 1081 1339 non
1096 1277 1226 1358 genuino
1241 1285 1402 1354 versatur,
1422 1279 1520 1361 potaio

184 1371 307 1433 Juliano
324 1368 376 1430 43.
400 1365 476 1428 Mihi
492 1383 564 1427 vero
581 1365 648 1427 dies
662 1382 730 1425 cum
745 1383 825 1426 anno
836 1366 1000 1441 consensit,
1016 1366 1094 1448 quod
1111 1366 1206 1430 addat
1222 1367 1433 1448 superioribus
1447 1387 1519 1449 argu·

186 1458 305 1532 mentis,
321 1457 371 1538 qui
385 1455 459 1517 vult.
559 1456 562 1467 '
891 1481 896 1490 ·

273 1547 446 1609 Veritatem
461 1541 607 1606 habemus
622 1539 710 1604 unius
726 1541 923 1617 fundamenti,
938 1541 986 1605 cui
1001 1542 1211 1607 inaedificatus
1227 1553 1278 1606 est
1293 1545 1428 1608 vitiosus
1442 1564 1519 1608 anuo

183 1653 251 1700 rum
266 1634 382 1700 Christi
398 1630 546 1696 calculus:
570 1630 654 1710 cujus
677 1639 779 1692 tamen
802 1632 914 1694 erroris
937 1632 1056 1713 culpam
1078 1652 1138 1696 uon
1159 1633 1238 1696 haec
1257 1635 1378 1697 veritas
1402 1636 1520 1708 sustinet,

185 1745 261 1808 quae
282 1725 379 1787 habet
400 1720 534 1785 natalem
557 1718 673 1782 Christi
696 1721 727 1782 iu
750 1719 800 1782 25.
816 1719 1012 1796 Decembris,
1034 1722 1089 1784 sed
1103 1723 1336 1786 fundamentum
1356 1724 1520 1787 alterumad
1546 1786 1548 1796 ,

167 1863 168 1866 .
185 1815 316 1877 eandem'
328 1810 597 1891 investigationem
614 1808 790 1883 adhibitum,
806 1807 844 1870 de
860 1829 918 1891 quo
935 1830 1013 1872 nunc
1029 1829 1161 1891 agemus.
1198 1814 1322 1882 Auctor
1337 1820 1371 1875 et
1386 1814 1474 1876 index
1487 1820 1520 1876 est

185 1903 423 1985 chrysostomus
438 1897 682 1962 ratiocinationis
697 1905 835 1960 vetemm
849 1899 1033 1979 hujusmodi:
1065 1918 1130 1963 cum
1145 1901 1214 1964 Joh.
1225 1902 1255 1964 3.
1272 1922 1303 1962 v.
1315 1904 1368 1965 20.
1385 1903 1467 1965 dicat
1478 1904 1520 1965 Jo

185 2012 280 2056 annes
296 1990 333 2054 de
350 1990 490 2054 Christo:
513 1989 616 2068 Ipsum
632 1994 755 2068 oportet
776 2005 928 2064 crescere,
948 2007 996 2051 me
1011 2008 1083 2052 vero
1099 1989 1206 2065 minui,
1228 1990 1434 2054 ministerium
1451 1993 1520 2072 hujus

185 2079 383 2164 oppositionis
405 2077 529 2158 pulchre
546 2075 758 2138 adumbratum
780 2095 849 2138 esse
868 2077 902 2139 in
917 2085 972 2139 nat
959 2078 1067 2141 talitiis
1088 2079 1262 2184 utriusquc;
1287 2100 1361 2143 nam
1385 2080 1520 2145 Christum

78 2235 89 2259 ς
183 2178 320 2252 tempore
336 2169 460 2258 bmmae
475 2172 580 2233 uatum
595 2165 715 2246 quaudo
731 2165 797 2228 dies
811 2166 999 2241 brevissima,
1015 2167 1147 2229 exinde
1139 2169 1286 2250 incipiens
1304 2190 1458 2233 crescere:
1478 2172 1520 2233 Jo-

109 2319 111 2323 .
184 2279 292 2323 aunem
313 2252 448 2320 vicissim
469 2254 500 2316 iu
523 2253 656 2316 solstitio
680 2229 815 2331 aestivo,
838 2256 957 2336 quando
973 2257 1038 2319 dies
1053 2257 1239 2337 longissima,
1262 2260 1402 2322 exinde
1393 2260 1520 2341 incipiens

155 2384 156 2391 .
184 2350 369 2411 decrescere.
414 2342 504 2415 Quod
526 2343 674 2423 igiturex
695 2301 1045 2419 traditibnehabebant,
1069 2345 1222 2409 Christum
1238 2349 1364 2412 circiter
1384 2349 1454 2412 illos
1471 2351 1520 2412 dias

183 2445 288 2501 natum
312 2431 363 2518 (ut
376 2433 565 2515 Epiphanius
584 2432 623 2493 12
640 2432 745 2494 diebus
760 2439 833 2514 post
847 2434 999 2509 brumam,
1022 2435 1106 2496 VIII.
1122 2437 1166 2498 Id.
1181 2431 1282 2517 Jan.),
1306 2438 1339 2499 id
1362 2439 1424 2502 hac
1439 2440 1519 2501 ratio-

184 2526 337 2589 cinatione
360 2523 483 2587 delinire
508 2521 623 2584 arctius
644 2521 726 2596 ausi,
748 2523 869 2584 natales
892 2525 931 2585 ad
954 2524 1122 2604 ipsissimus
1145 2525 1209 2588 dies
1233 2527 1380 2591 solstitiis
1407 2528 1520 2592 tributos

183 2616 368 2679 retulemnt:
391 2614 495 2694 itaque
511 2618 610 2672 ortum
627 2618 675 2672 est
692 2611 802 2673 festum
818 2612 991 2675 nativitatis
1006 2613 1037 2675 in
1054 2614 1103 2676 25.
1113 2614 1303 2683 Decembris.
1340 2616 1521 2699 Consequens

76 2736 79 2742 <
182 2712 265 2780 erat,
286 2713 322 2766 ut
336 2711 463 2783 uterque
487 2700 655 2782 quadrante
679 2701 750 2762 anui
766 2708 859 2762 autea
887 2696 958 2781 (nec
975 2702 1054 2764 cuim
1068 2704 1162 2766 multo
1178 2704 1277 2784 majus
1304 2714 1357 2768 eat
1371 2707 1522 2788 legitimum

181 2793 366 2875 gestationis
381 2784 517 2873 tempus)
535 2796 700 2869 conceptus
716 2790 968 2852 constitueretur:
1001 2792 1250 2872 quemadmodum
1272 2794 1369 2875 igitur
1384 2797 1521 2858 natalibus

182 2884 331 2957 solstitia,
355 2881 398 2942 sic
414 2897 493 2941 nunc
509 2878 698 2958 conceptioni
714 2878 869 2961 utriusque
885 2880 1077 2961 aequinoctia
1092 2881 1231 2944 Romana
1253 2884 1375 2963 placuit
1389 2886 1521 2948 tribuere:

148 2967 151 2974 ’
182 2971 298 3036 Christi
314 2968 433 3053 quidem
451 2968 502 3031 25.
511 2967 617 3029 Martii
633 2975 789 3039 crescente
806 2967 863 3043 die,
877 2970 1006 3032 Joannis
1021 2990 1095 3033 vero
1111 2966 1162 3034 27.
1173 2971 1260 3052 Sept.
1282 2969 1361 3053 (hoc
1377 2976 1458 3038 enim
1470 2974 1520 3037 Pli-

181 3061 248 3125 nius
266 3057 489 3142 aequinoctium
505 3051 616 3136 tradit)
634 3056 837 3119 decrescente.
885 3057 960 3122 Cum
975 3058 1069 3140 igitur
1085 3061 1242 3141 conceptio
1257 3062 1393 3126 Joannis
1416 3065 1523 3126 caderet

32 3130 33 3135 ἵ
79 3178 82 3182 ’
181 3152 212 3214 in
228 3147 450 3230 aequinoctium
467 3154 520 3217 aut
507 3147 656 3219 tumnale,
677 3146 826 3227 legissent
841 3143 912 3208 vero
928 3149 1076 3212 Lucael.
1114 3150 1283 3212 Zacharias
1299 3153 1386 3232 patri
1401 3154 1522 3224 Joaanis,

183 3258 248 3302 cum
266 3245 351 3300 esset
366 3236 473 3298 solus
465 3236 634 3316 intemplo,
658 3235 697 3296 ab
713 3232 822 3316 augeio
838 3236 931 3298 fuisse
949 3238 1163 3301 annunciataru
1179 3240 1379 3304 nativitatem
1395 3241 1521 3305 Joauuis:

182 3330 240 3409 ipsu
232 3325 402 3389 ''admouit
379 3333 403 3388 ιι
419 3332 605 3405 tempestate
622 3324 894 3405 auui,quaJudae1
911 3323 988 3388 dem
999 3328 1182 3407 expiationis
1196 3329 1432 3419 celebrabant,
1424 3351 1520 3413 unpro-

181 3417 250 3479 vide
268 3416 459 3518 arripuemnt
474 3414 553 3477 hanc
568 3412 867 3490 verisimilitudinem,
883 3415 1064 3478 Zachariam
1079 3424 1151 3489 tunc
1167 3437 1290 3481 munere
1308 3422 1418 3484 summi
1433 3420 1520 3502 ponti·

181 3506 246 3571 ficis
270 3505 418 3578 iunctum,
441 3504 471 3565 in
488 3510 597 3566 sancta
614 3509 702 3564 sanct
704 3521 787 3565 orum
803 3503 920 3566 fuisse
912 3524 1082 3584 ingressum
1098 3507 1145 3568 dic
1163 3507 1296 3580 solenni,
1322 3529 1401 3591 quae
1417 3517 1464 3573 est
1477 3510 1519 3571 de·

182 3596 260 3658 cirna
274 3592 477 3657 meusisTisri
493 3592 655 3655 secundum
664 3591 789 3654 Lunam.
814 3593 921 3674 Neque
936 3595 1169 3675 perpenderunt,
1186 3596 1372 3661 Zachariam
1382 3599 1423 3663 ab
1431 3600 1519 3663 Esau

182 3683 295 3766 gelista
309 3683 476 3785 vulgarem.
482 3682 672 3744 sacerdotem
688 3681 840 3762 perhiberi
857 3701 894 3743 ex
909 3702 976 3745 vice
985 3684 1094 3760 Abrae
1111 3704 1187 3767 quae
1203 3693 1317 3749 octava
1333 3689 1453 3752 deinum
1466 3693 1520 3752 ersi

182 3773 300 3836 ordine:
331 3791 398 3837 cum
420 3771 553 3833 vicissim
574 3769 726 3853 Josephus
750 3770 915 3834 historicus
937 3772 989 3835 illo
1012 3783 1149 3856 tempore
1170 3793 1318 3838 summum
1345 3779 1519 3842 sacerdotem

183 3869 397 3925 commemoret
419 3861 508 3923 aliurn
525 3858 679 3923 Simonem
692 3859 814 3934 Boethi,
838 3879 974 3924 socemm
989 3864 1080 3943 regis,
1103 3864 1151 3926 cui
1166 3884 1245 3927 anuo
1261 3864 1388 3935 Juliano
1405 3868 1454 3931 41.
1467 3866 1518 3930 suf·

182 3953 281 4014 iectus
296 3949 447 4012 Matthias
463 3947 622 4028 Theophili
639 3956 671 4010 et
685 3948 754 4012 huic
771 3969 850 4012 anno
866 3949 917 4012 42.
927 3950 1086 4027 Joazarus,
1100 3953 1233 4016 Joazaro
1254 3955 1356 4019 irater
1369 3956 1519 4027 ulceraria,

181 4038 409 4122 huicdehusiae
425 4039 513 4112 filins,
528 4038 598 4101 huic
613 4037 721 4100 itemm
735 4040 901 4116 Joazams3
930 4042 1035 4122 quain
1052 4043 1243 4105 successione
1260 4043 1462 4116 describenda
1473 4046 1517 4108 Jo-

183 4131 294 4210 sephus
312 4129 388 4192 adeo
405 4128 462 4190 fuit
476 4128 614 4208 diligens,
629 4135 663 4189 ut
678 4147 716 4190 ne
731 4128 819 4191 unius
835 4129 952 4210 quidem
969 4130 1029 4194 diei
1044 4130 1188 4197 vicarium
1205 4132 1261 4194 sub
1276 4133 1425 4211 Matthia,
1441 4136 1516 4199 Josc·

68 4296 74 4306 ἱ
180 4218 272 4300 phum
286 4218 404 4291 Ellemi,
418 4216 619 4302 praeterierit.

270 4305 332 4371 Sed
348 4314 381 4369 et
395 4307 452 4369 hoc
469 4306 695 4369 dissimularunt
715 4306 891 4371 inventores
915 4327 1005 4370 aerae
1021 4316 1162 4385 nostrae,
1184 4311 1265 4392 quod
1281 4311 1386 4376 Lucas
1402 4331 1514 4376 comme·

181 4403 289 4471 morat,
305 4395 485 4459 Zachariam
502 4395 642 4458 sortitum
658 4414 726 4458 esse
741 4396 896 4460 incensum
911 4398 1081 4479 ingressum
1095 4399 1127 4461 in
1141 4400 1289 4482 templum
1304 4402 1433 4466 domini:
1447 4396 1514 4482 atqui

93 4553 98 4562 ,
182 4486 406 4548 anniversarius
423 4493 455 4549 et
470 4486 614 4548 sollennia
629 4484 697 4547 ille
690 4487 828 4566 ingresu's
844 4487 873 4549 in
891 4495 1213 4552 sanctumsanctomm
1228 4499 1321 4554 extra
1332 4501 1443 4557 sortem
1455 4508 1512 4572 per·

181 4575 300 4638 tinebat
316 4576 373 4638 ad
371 4595 460 4638 unum
477 4594 622 4638 summum
636 4575 817 4655 pontificem.
864 4576 1016 4640 Sacerdos
1031 4598 1120 4654 vero,
1142 4580 1191 4661 qui
1208 4581 1365 4658 adolebat,
1381 4579 1510 4665 ingredit·

181 4663 272 4726 batur
295 4665 414 4763 quidem
437 4667 534 4740 solus,
557 4665 686 4727 sednon
708 4664 790 4726 iutra
812 4665 964 4729 velumru
987 4668 1222 4731 sanctuarium:
1239 4671 1314 4736 ioris
1332 4673 1410 4736 enim
1424 4677 1509 4734 contu
