3194 5482
186 234 190 243 ‹
244 254 286 322 84
667 275 768 325 Litorao
780 275 884 339 Ksplori
895 276 1046 340 aliorumque
1057 281 1160 326 mutuae

334 415 469 492 Quarto,
490 417 561 498 qnid
574 417 624 478 hic
639 418 829 480 tribuendum
843 419 901 498 ipsi
917 419 972 494 eit,
993 419 1102 499 ubique
1124 418 1269 480 lectorem
1290 423 1402 479 monet
1431 416 1492 478 Est
1505 433 1567 477 con-

243 506 349 580 fertus,
366 506 546 579 redundans,
563 507 702 586 copiosus
719 507 757 568 ad
773 508 906 570 taedium
920 527 1028 589 usque,
1049 507 1214 587 tragoedus
1234 507 1274 569 ad
1287 505 1452 568 horrdrem.
1483 501 1567 575 Quan

241 595 292 656 ille
315 590 483 672 ιπερβαιιιι
504 618 539 656 το
560 595 638 666 sinor
652 595 683 657 iu
699 597 927 670 coacervandis,
950 615 1026 679 quae
1041 614 1171 677 unquam
1187 596 1292 658 audita
1307 601 1401 669 sunt,
1413 593 1567 674 prodigiis*

242 682 317 754 Quis
333 703 404 745 vero
421 684 541 758 credat,
563 684 663 746 omnia
686 685 772 746 simul
795 680 964 747 accidisse?
995 683 1081 756 Quae
1102 685 1195 766 igitur
1216 685 1260 747 illi
1274 684 1350 746 fidos
1372 683 1405 745 in
1418 683 1567 764 plerisque

241 774 346 834 eadem
363 780 429 836 esto
445 773 693 854 indescripticne
711 774 794 835 coeli.
836 774 838 781 ’

328 858 441 931 Quinto
457 862 685 924 manifesta‘est
699 864 837 925 Maronis.
850 863 1013 925 aemulatio
1029 864 1059 925 in
1076 882 1111 925 eo
1127 863 1208 938 loco,
1230 870 1265 926 ιι
1280 863 1360 943 quod
1374 862 1464 924 Maro
1480 861 1520 926 ad
1537 880 1567 924 ro

239 950 401 1011 veritatem
423 970 481 1012 uno
505 951 576 1013 folio
600 952 678 1012 dixit
700 946 849 1030 (referens
870 952 1009 1033 prodigia
1028 960 1157 1014 mortem
1173 951 1316 1016 Caesaris
1338 944 1567 1029 antecedentia)

237 1038 378 1100 Lucanus
395 1040 600 1118 copiosissime
616 1040 738 1115 diducit,
755 1040 787 1102 'ot
802 1043 859 1104 hoc
869 1042 975 1103 eodem
989 1061 1066 1122 pene
1077 1042 1190 1117 ordine,
1205 1060 1297 1121 saepo
1307 1061 1367 1103 non
1383 1039 1567 1103 dissimilibus

237 1127 338 1189 verbis
353 1128 456 1202 refert,
473 1129 560 1209 quale
577 1138 625 1192 eet
638 1129 726 1191 illud·

545 1252 632 1302 Maro:
651 1253 779 1319 Impiaque
792 1260 922 1339 aeternam
933 1255 1040 1304 timuero
1052 1254 1155 1304 saecula
1166 1260 1312 1306 mortem.

467 1316 636 1374 Danaas:
655 1352 689 1362 -
761 1352 795 1362 -
865 1354 899 1363 -
970 1325 1111 1390 Gontosquo
1123 1327 1206 1392 coegit
1259 1322 1260 1327 ’

655 1395 796 1461 Desperare
809 1397 882 1448 dionn

260 1510 264 1525 ¹
321 1495 429 1580 Nihil
420 1519 513 1600 igitur
534 1520 592 1582 nisi
607 1528 731 1602 poetam
753 1522 826 1602 agit
862 1522 965 1603 Atque
985 1520 1033 1583 his
1049 1520 1086 1582 de
1103 1512 1202 1583 causis
1223 1538 1283 1582 uon
1299 1518 1440 1583 existimo
1464 1520 1567 1581 frustra

235 1606 441 1671 desudandum
455 1608 571 1671 Lucani
587 1611 701 1690 gratia:
725 1612 774 1692 qui
792 1611 817 1673 si
833 1611 917 1691 vivus
934 1611 1046 1684 audiat,
1062 1629 1118 1672 nos
1133 1610 1247 1672 risurus
1264 1609 1312 1670 sit
1348 1606 1405 1671 Cui
1420 1626 1494 1670 vero
1509 1627 1567 1670 nsu:

234 1695 276 1757 sit
290 1696 370 1758 illius
387 1698 532 1778 temporis
549 1699 725 1779 ephemeris,
741 1700 858 1776 nescio,
881 1700 938 1761 nisi
931 1699 1127 1804 astrologus
1142 1698 1218 1760 velit
1233 1707 1340 1759 nostra
1355 1704 1495 1778 tempora
1511 1715 1567 1759 cun

232 1785 292 1846 illis
316 1787 460 1847 conferre
497 1789 576 1848 Nam
597 1789 635 1850 ab
655 1789 798 1869 Augusto
821 1796 948 1870 sequent
949 1789 984 1850 is
1001 1789 1071 1849 anui
1095 1788 1145 1850 98.
1167 1803 1354 1867 perannum
1376 1785 1567 1849 annena

234 1875 483 1937 constellationes
499 1876 636 1952 redeunt,
653 1896 729 1958 quae
746 1879 828 1940 foere
845 1896 923 1940 anno
938 1877 1033 1957 primo
1049 1877 1120 1938 belli
1137 1876 1247 1950 civilis,
1256 1876 1334 1936 fixas
1350 1874 1432 1937 solas
1450 1875 1565 1955 excipio

231 1961 274 2023 Et
297 1971 400 2025 tamen
422 1965 447 2025 si
472 1965 517 2027 cui
541 1966 618 2027 citra
640 1966 830 2029 immodicam
846 1966 1094 2045 defatigationem
1110 1966 1244 2046 citraque
1267 1964 1411 2044 temporis
1423 1963 1567 2066 jacturau

229 2052 381 2131 placeret,
412 2072 466 2132 per
487 2053 540 2115 illa
563 2062 701 2136 tempora
723 2056 857 2138 coelique
880 2075 984 2116 cursus
1006 2063 1089 2116 retro
1113 2053 1344 2157 contemplando
1372 2052 1567 2133 peregrinari

222 2140 357 2201 inventa
377 2142 450 2203 mihi
473 2142 552 2205 ratio
573 2153 636 2219 est,
659 2165 719 2246 qua
740 2145 857 2206 modico
881 2152 980 2205 sumtu
999 2143 1189 2231 paucissimis
1212 2151 1260 2205 rot
1262 2142 1288 2204 is
1309 2142 1500 2222 horologium
1524 2160 1567 2202 seu

232 2229 361 2290 indicem
377 2231 492 2293 coelest
479 2240 540 2293 tem
557 2252 592 2293 ac
594 2234 724 2297 tuarium
739 2235 804 2314 quis
820 2233 984 2295 machinari
1000 2242 1105 2336 queat,
1128 2241 1218 2313 atque
1234 2232 1266 2293 in
1281 2251 1316 2292 eo
1331 2249 1393 2292 nna
1407 2231 1485 2292 hora
1502 2250 1567 2292 cen·

232 2325 295 2379 tum
311 2338 407 2379 annos
423 2340 528 2400 agere,
553 2320 692 2383 adhibita
707 2323 755 2384 vel
771 2322 888 2384 modica
903 2321 952 2382 vel
968 2322 1124 2384 rarissima
1143 2321 1190 2383 vel
1207 2321 1289 2383 nulla
1304 2338 1358 2400 per
1374 2318 1463 2382 6000
1479 2335 1567 2381 annos

231 2407 430 2483 correctione,
452 2416 543 2489 prout
559 2418 639 2471 sumt
626 2411 706 2471 tibus
728 2430 830 2487 carere
847 2410 947 2473 vellet.
982 2409 1045 2473 Res
1061 2410 1195 2491 principe
1215 2409 1279 2471 viro
1295 2410 1427 2470 fortasse
1449 2428 1510 2471 uon
1525 2408 1567 2469 in-

230 2493 330 2575 digna,
346 2497 539 2559 mediocriter
556 2498 642 2560 diviti
659 2519 719 2561 non
734 2500 942 2562 intolerabilis.

315 2586 400 2647 Haec
416 2587 565 2648 hactenus
581 2587 618 2648 de
635 2589 763 2670 antiqua
778 2588 972 2672 quaestione,
995 2588 1026 2650 in
1048 2607 1108 2669 qua
1122 2587 1168 2649 ita
1183 2605 1323 2667 pergam,
1345 2593 1381 2649 ut
1395 2605 1450 2667 por
1465 2587 1567 2648 literas

228 2692 276 2735 mo
287 2673 425 2754 jusseris.
456 2676 508 2738 Ad
524 2677 653 2738 alteram
669 2678 747 2759 quod
763 2678 889 2753 attinet,
914 2697 987 2739 sane
1004 2677 1121 2739 exactis
1137 2676 1175 2738 ab
1191 2675 1278 2738 initio
1295 2675 1365 2737 anni
1382 2676 1483 2755 quarti
1500 2682 1567 2737 aute

228 2761 384 2825 Christum
400 2764 506 2826 diebus
523 2763 552 2839 6,
567 2765 651 2827 horis
663 2760 727 2851 ‘8¹l,
749 2787 768 2829 a
782 2767 882 2829 media
896 2773 986 2827 nocte
1003 2767 1060 2828 fuit
1076 2765 1245 2845 conjunctio
1263 2763 1288 2838 Q
1306 2772 1338 2825 et
1353 2763 1375 2841 Q
1390 2763 1477 2838 talis,
1500 2772 1536 2826 ut
1550 2766 1567 2839 ι

228 2861 312 2913 esset
332 2853 412 2914 infra
429 2852 470 2928 Ω,
493 2861 525 2914 et
539 2860 664 2935 uterque
687 2857 861 2918 matutinus.
898 2857 978 2917 Nam
1000 2856 1083 2916 locus
1107 2853 1188 2917 Solis
1211 2854 1269 2916 ruit
1296 2848 1355 2916 13⁰
1377 2861 1431 2915 aut
1457 2849 1567 2931 14⁰5

108 2990 110 2996 .
228 2939 356 3015 circiter,
371 2941 456 3003 locus
472 2962 544 3004 vero
562 2941 586 3013 Ω
603 2950 635 3004 et
651 2944 674 3017 ιι
689 2940 748 3005 24⁰
764 2950 802 3016 r.
837 2943 900 3006 Sed
923 2944 954 3005 in
968 2943 1127 3006 latitudine
1149 2961 1204 3022 per
1226 2950 1291 3008 tres
1307 2942 1420 3027 gradus
1436 2942 1567 3004 variant

226 3028 309 3091 Nihil
325 3029 427 3093 malim
443 3030 519 3092 scire
537 3041 625 3113 qu'am
636 3040 773 3094 autorem
783 3033 1013 3094 observationis.
1037 3033 1166 3094 Multum
1183 3030 1261 3093 onim
1271 3037 1371 3093 restat
1385 3031 1417 3092 in
1427 3031 1567 3104 motibus

226 3118 387 3210 praecipue
410 3120 442 3180 iu
457 3120 667 3189 latitudinibus
683 3122 874 3202 planetarum
897 3121 1122 3183 emendandum.
1161 3119 1217 3183 Cui
1239 3121 1283 3182 roi
1307 3120 1567 3195 observationibus

228 3225 304 3286 opus
327 3215 383 3269 est
420 3209 506 3270 Haeo
527 3209 716 3313 intempesta
735 3219 842 3285 nocte,
867 3230 934 3272 cum
955 3211 1026 3273 mihi
1050 3211 1155 3272 oblata
1178 3216 1262 3270 esset
1285 3229 1305 3272 a
1330 3208 1567 3288 dignissimoD

228 3294 418 3358 cancellario
442 3297 592 3359 scribendi
617 3299 753 3373 occasio,
783 3319 858 3404 quae
883 3319 975 3362 cansa
998 3306 1061 3374 est,
1082 3297 1163 3380 quod
1183 3297 1280 3360 literis
1303 3297 1511 3359 excellentiss.
1532 3297 1567 3359 D.

226 3383 265 3445 D
280 3385 420 3459 Ficlsleri,
437 3386 542 3466 agnati
555 3387 623 3465 mei,
639 3387 670 3449 in
684 3380 862 3469 praesentia
876 3409 935 3452 non
951 3388 1128 3492 respondeo.
1159 3387 1262 3468 Magn.
1277 3385 1472 3467 Dignitatem
1488 3396 1567 3449 tuam

228 3473 322 3535 felicit
309 3474 482 3627 tqr59v⁷alero
502 3476 595 3556 J'ubeo
627 3484 660 3538 et
683 3479 764 3541 bona
789 3478 816 3540 ei
840 3479 911 3542 novi
942 3478 1013 3541 anni
1038 3476 1174 3572 auspicia
1197 3493 1312 3556 precor.
1358 3476 1410 3537 24.
1425 3476 1567 3539 Decemb.

227 3581 306 3624 anno

313 3670 417 3751 Magn
432 3670 470 3733 D
486 3671 520 3734 T.

764 3761 908 3826 Studiose
925 3761 1028 3830 Cliens

1131 3851 1178 3914 M
1187 3849 1316 3914 Johurm
1330 3847 1452 3932 Koplor

1014 3940 1179 4004 lllustrium
1195 3939 1318 4021 Styriae
1333 3938 1567 4002 Prouincialium

1171 4028 1417 4092 Mathematicus.

296 4202 368 4265 Quae
380 4204 414 4256 ad
425 4207 489 4256 haec
501 4206 627 4270 respondit
638 4205 828 4266 Hervsrtus,
841 4207 958 4273 leguntur
968 4206 1024 4258 Vol.
1037 4206 1057 4258 I.
1070 4223 1094 4272 p.
1108 4207 1150 4258 61.
1173 4204 1266 4258 Postea
1277 4201 1311 4267 (d
1322 4205 1361 4254 ιι.
1373 4203 1430 4255 Oct
1445 4201 1490 4267 98)
1503 4203 1567 4255 rodit

227 4277 261 4327 ad
272 4279 442 4341 quaestionem
461 4276 491 4326 de
503 4276 624 4326 Morcuno
638 4285 664 4327 ot
675 4277 774 4328 Venere
787 4281 935 4343 conjunctis,
954 4279 1058 4330 ulterius
1076 4293 1231 4344 quaerens,
1234 4279 1265 4327 ob
1282 4279 1320 4326 nit
1336 4275 1456 4326 annom
1470 4290 1493 4326 s.
1510 4275 1566 4326 Chr.

225 4348 358 4398 inchoante
376 4348 436 4399 talis
448 4340 625 4412 conjunctioQ
644 4357 671 4400 st
683 4344 704 4415 Q
716 4358 836 4415 gevesst,
857 4349 981 4401 dardurch
991 4351 1073 4400 stella
1091 4351 1195 4400 Veneris
1215 4349 1324 4412 eclipsirt
1341 4348 1442 4399 verdon
1459 4344 1567 4414 antigoni

226 4418 352 4483 Keplorus
370 4418 516 4471 calculando
529 4434 574 4469 sex
591 4420 655 4469 loliis
672 4423 804 4483 consumtis
822 4418 858 4484 (in
868 4422 1024 4479 adversariis,
1036 4421 1092 4471 Vol.
1105 4421 1147 4472 lx.
1160 4421 1220 4470 Mss.
1231 4415 1343 4484 Potrop.)
1356 4419 1496 4471 concludit.

314 4511 393 4581 Tres
416 4508 534 4572 omnino
560 4510 635 4572 fiunt
664 4512 890 4593 conjunctiones
914 4512 1043 4574 Veneris
1075 4520 1108 4573 et
1133 4509 1273 4573 Mercurii
1298 4528 1377 4571 anuo
1403 4508 1437 4572 9:
1469 4509 1567 4590 prima

228 4593 358 4680 (hApr.
373 4600 437 4661 hor.
456 4599 482 4660 l.
498 4606 571 4679 post
584 4618 657 4662 mer.
680 4600 712 4662 iu
725 4595 887 4681 Berussia)
910 4601 1030 4663 Venere
1054 4600 1210 4662 occidente
1232 4617 1336 4673 mane,
1358 4604 1392 4659 ot
1411 4599 1565 4661 Mercurio

226 4688 343 4768 pridem
357 4707 445 4751 mane
461 4706 578 4750 occaso.
614 4690 726 4752 Altera
747 4691 828 4752 circa
846 4691 977 4771 ll.Maj.
999 4709 1023 4752 c.
1040 4685 1100 4752 26υ
1115 4687 1164 4765 Υ,
1185 4689 1216 4750 ιι
1231 4687 1389 4750 vicinitate
1405 4683 1448 4764 Θ
1465 4686 1565 4750 nimia

226 4777 331 4839 Tertia
345 4776 377 4869 in
390 4775 490 4840 medio
510 4778 623 4844 mensis
636 4779 724 4857 Julii,
745 4780 896 4845 Mercurio
917 4787 1000 4843 motu
1022 4777 1201 4860 retrogrado
1223 4776 1264 4841 ad
1277 4775 1383 4844 solen
1404 4784 1512 4854 eunte,
1534 4783 1567 4841 ot
