3134 5482
564 229 670 291 lle-luges
690 228 835 277 Chronlcre.
888 260 893 272 ι
1124 270 1129 281 .
1297 228 1359 287 429

40 415 138 477 quam
170 397 320 464 Archelai
348 400 516 467 facultates
545 403 577 466 in
608 399 719 466 fiscum
748 402 897 482 redigere.
944 400 1065 465 Deinde
1086 416 1192 484 neque
1214 402 1360 483 sequitur

41 506 77 548 ex
104 484 215 552 Luo'ae
243 487 469 571 Evarrgelistoe
498 490 609 571 verbis,
640 490 818 575 Josephum
845 497 974 555 tanturn·
994 490 1064 555 ideo
1086 489 1265 573 profectum
1288 509 1359 554 esse

39 593 54 636 e
80 572 247 640 Nazareth
274 577 308 641 in
334 578 533 656 Bethlehem
565 578 652 664 quod
682 580 722 644 de
745 579 839 643 domo
861 578 965 644 David
988 584 1086 658 esset3
1116 597 1191 641 nam
1213 578 1241 641 si
1263 579 1359 642 etiam

40 680 76 725 ea
112 663 366 744 consideremus,
404 689 489 750 qnae
516 668 701 736 Matthaeus
730 666 842 748 habet,
879 688 930 733 res
954 666 1069 753 procul
1095 664 1191 731 dubio
1218 666 1263 730 sic
1289 671 1360 730 erat
1485 692 1488 696 ·
1532 687 1538 698 ·

39 758 245 833 comparata:
278 753 383 820 Maria
417 762 488 821 erat
522 758 656 823 oriunda
691 779 730 822 ex
764 757 936 831 Nazareth,
968 757 1163 839 desponsata
1192 775 1268 819 vero
1298 755 1373 822 luit

37 836 54 900 J
57 838 182 922 osepho
197 840 458 911 Bethlehemitico
474 845 544 911 civi.
568 847 744 929 Postquam
760 846 906 930 concepit
921 844 1025 911 Maria
1040 864 1079 908 ex
1091 840 1214 928 Spiritu
1230 839 1356 922 Sancto,

38 933 174 1009 tresque
203 950 329 995 menses
351 931 466 997 absens
489 934 584 999 domo
606 956 625 998 a
650 931 694 1000 ud
716 942 886 1016 cognatam
907 931 1123 998 Elisabetham
1142 932 1178 994 in
1200 932 1358 995 montanis

36 1012 185 1082 iudaeae
211 1017 340 1084 domum
366 1020 428 1086 luit
451 1043 577 1088 reversa
595 1025 629 1087 in
673 1024 811 1100 azareth,
834 1021 995 1105 Josephus
1017 1043 1034 1086 e
1054 1019 1181 1085 Judaee
1195 1018 1358 1102 profectus

37 1110 86 1167 est
118 1105 164 1170 ad
195 1127 347 1189 sponsam
375 1111 408 1174 in
436 1109 610 1190 Nazareth,
647 1111 802 1200 ducturus
832 1131 903 1175 eam
933 1111 1073 1176 domum.
1126 1106 1176 1171 lbi
1205 1108 1358 1191 comperit

36 1193 206 1272 pavidam
234 1216 313 1274 esse,
343 1199 462 1283 quippe
479 1201 549 1284 jam
572 1204 601 1278 3,
626 1205 646 1264 4
669 1199 718 1265 vel
742 1205 760 1263 5
783 1220 906 1264 menses
928 1196 1076 1263 abierant
1099 1218 1119 1262 a
1141 1198 1357 1279 conceptione.

36 1278 159 1346 Nolens
181 1284 278 1365 igitur
299 1285 390 1350 illam
413 1287 563 1365 deserere,
593 1289 724 1354 domum
746 1302 836 1353 suam
860 1287 982 1352 scilicet
1004 1286 1119 1351 reverti
1141 1285 1208 1349 sine
1230 1305 1356 1370 sponsa,

36 1373 69 1433 et
100 1373 226 1437 somnio
253 1373 444 1455 admonitus,
476 1398 516 1442 ne
546 1378 581 1442 id
610 1378 739 1453 laceret,
771 1378 899 1460 nuptias
930 1373 1109 1445 celebravit
1134 1374 1167 1437 iu
1196 1371 1359 1438 Nazareth

34 1461 222 1544 mansitque
242 1483 385 1527 mensem
407 1486 506 1541 unum
529 1472 629 1550 atque
650 1462 788 1531 alterum
810 1463 898 1546 apud
919 1482 1057 1547 sponsae
1077 1468 1238 1546 parentes.
1272 1461 1358 1526 lute-

34 1545 97 1610 rim
127 1548 259 1615 decreto
288 1571 401 1617 census
430 1554 635 1638 promulgato
665 1555 789 1637 cogitur
817 1555 864 1618 ire
890 1553 924 1616 iu
945 1550 1139 1629 Bethlehem,
1172 1550 1250 1632 quia
1271 1549 1360 1615 illius

34 1635 190 1702 territorii
216 1639 322 1706 incola
343 1646 376 1705 et
397 1642 474 1707 civis
489 1650 577 1708 erat.
623 1642 839 1708 Cirisautem
861 1642 943 1719 ideo,
967 1639 1044 1721 quia
1067 1638 1222 1703 dedomo
1245 1638 1357 1717 David,

34 1725 130 1806 cujus
166 1731 302 1812 majores
335 1724 543 1814 possidehant
576 1730 635 1797 illa
669 1730 755 1810 loca3
795 1738 828 1795 et
846 1750 939 1794 sero
958 1734 1104 1792 -cautum
1134 1732 1205 1790 erat
1233 1725 1359 1815 legibus

34 1808 252 1897 ludaeorum,
287 1839 327 1883 ne
358 1820 490 1903 praedia
524 1819 799 1897 abalienarentur,
836 1837 915 1882 neve
949 1817 1006 1899 qui
1038 1823 1153 1881 tenues
1184 1814 1359 1880 evasissent

36 1902 268 1970 mendicarent.
314 1904 387 1972 Sive
416 1895 515 1990 igitur
543 1908 744 1993 praediolum
773 1908 842 1990 ipse
870 1905 1012 1971 tenuerit
1040 1924 1142 1988 prope
1162 1901 1357 1982 Bethlehem,

39 1990 109 2054 sive
130 1995 270 2078 majores
292 1997 374 2079 ejus:
399 1996 478 2062 haec
499 1999 645 2083 proxima
667 2002 700 2060 et
721 1996 905 2061 immediata
927 2017 964 2059 ex
986 1992 1153 2060 Matthaeo
1169 1997 1245 2056 nota
1260 2011 1360 2056 causa

37 2077 110 2159 fuit,
134 2102 195 2147 cur
218 2103 235 2147 e
257 2081 425 2165 Nazareth,
449 2087 555 2171 patria
577 2106 721 2172 sponsae,
746 2081 875 2150 domum
896 2089 1115 2148 reverteretur
1129 2081 1162 2145 in
1177 2078 1358 2160 Bethleem,

37 2166 98 2231 illa
126 2190 203 2235 vero
234 2173 388 2239 remotior
415 2196 514 2240 causa
542 2181 575 2238 et
597 2194 714 2239 causae
735 2193 842 2252 musa,
875 2172 952 2256 quia
973 2178 1046 2236 eret
1067 2171 1107 2235 de
1129 2169 1223 2235 domo
1244 2169 1358 2235 David.

39 2253 112 2322 lloc
133 2258 232 2338 igitur
252 2261 298 2325 sic
319 2261 381 2326 fuit
402 2283 487 2328 anno
510 2263 638 2329 Juliauo
662 2268 714 2326 40.
1331 2276 1334 2284 '

130 2348 175 2410 At
205 2368 294 2414 nunc
327 2371 413 2417 auno
442 2350 573 2417 Juliano
605 2355 656 2414 52.
683 2353 752 2436 jam
781 2348 823 2415 ad
847 2350 1017 2414 &minimum
1050 2352 1090 2411 10
1120 2347 1213 2412 annis
1243 2343 1360 2411 absens

37 2431 58 2496 J
60 2433 178 2514 udaea,
203 2437 291 2501 veuit
312 2443 346 2503 et
363 2437 523 2505 habitavit
542 2441 576 2504 in
591 2439 750 2505 Nazareth
764 2438 871 2522 patria
886 2457 1029 2521 sponsae,
1053 2437 1129 2501 civis
1144 2457 1208 2501 non
1223 2436 1360 2520 amplius

39 2521 301 2591 Bethleemiticns
342 2527 400 2592 sed
434 2528 688 2593 Nazarethanus.
749 2526 877 2592 Mutata
912 2526 996 2591 enim
1035 2545 1163 2589 summa
1200 2530 1360 2608 potestate

38 2611 276 2694 pessumibant
291 2616 385 2699 leges,
410 2616 539 2683 crebrae
558 2615 932 2699 fiebanthdomiciliorum
950 2613 1187 2679 translationes.
1212 2611 1360 2676 Christus

38 2700 110 2783 ipse
133 2702 339 2786 sequentibus
360 2705 454 2771 annis
475 2705 591 2779 relicta
603 2703 764 2771 Nazareth
785 2702 890 2770 actus
912 2702 975 2768 luit
994 2701 1068 2767 civis
1090 2700 1123 2766 in
1147 2702 1358 2786 capernaum.

38 2787 138 2855 Nulla
160 2791 257 2872 igitur
272 2813 369 2859 causa
383 2794 454 2875 fuit,
479 2816 537 2860 cur
546 2796 615 2880 jam
637 2793 680 2858 sd
702 2792 881 2869 eririnium
902 2792 936 2856 in
957 2788 1116 2855 Judaeum
1139 2789 1262 2853 veniret
1283 2788 1359 2854 ciris
1491 2796 1494 2799 '

38 2877 296 2959 Nazarethunus,
327 2880 464 2964 Herodis
486 2880 672 2947 tetrarchae
694 2879 849 2946 subditus.
884 2879 963 2944 Cum
985 2879 1082 2960 igitur
1104 2877 1250 2943 Christus
1272 2884 1359 2942 certo

37 2966 81 3031 sit
110 2988 238 3033 census:
270 2990 334 3036 non
361 2992 475 3036 census
503 2977 611 3036 antem
639 2970 700 3035 hoc
726 2989 810 3033 anno
832 2966 963 3039 Juliano
992 2970 1044 3031 52.
1067 2965 1127 3031 suh
1148 2972 1359 3051 procuratore

37 3054 186 3121 Judaeae
209 3058 360 3138 Quirinio,
392 3061 519 3125 omnino
547 3080 621 3141 ergo
648 3059 757 3144 priore
784 3058 893 3139 aliquo
922 3077 1005 3120 anno
1028 3055 1116 3120 etin
1137 3054 1198 3121 tali
1219 3053 1359 3138 descrip-

38 3141 135 3223 tione,
153 3166 238 3227 quae
253 3147 392 3229 primum
405 3148 477 3214 fieri
490 3156 608 3233 coepta
619 3146 763 3225 Quirinio
778 3143 889 3228 Syriae
904 3143 1054 3229 praeside
1068 3164 1153 3208 auno
1164 3142 1295 3207 Juliano
1307 3146 1358 3221 36,

36 3240 156 3316 postea
178 3237 366 3302 continuata
388 3242 437 3301 est
459 3259 517 3321 per
538 3235 698 3301 Judaeum
720 3257 742 3300 a
763 3232 937 3300 Saturnino
961 3253 1045 3298 anno
1066 3230 1199 3298 Juliano
1222 3231 1315 3313 40*).

125 3322 227 3389 Porro
258 3325 285 3388 si
314 3324 457 3391 tabulam
488 3328 686 3411 superiorem
716 3323 1006 3389 annuntiaverimus
1035 3340 1143 3403 nsque
1168 3319 1211 3384 ad
1239 3339 1360 3384 anuum

31 3410 204 3476 lulianum
236 3416 286 3491 73,
318 3413 438 3479 additis
469 3420 507 3479 21
540 3415 633 3480 annis
663 3433 720 3497 per
749 3430 858 3477 omnes
882 3409 1092 3487 columellas,
1124 3410 1253 3474 existet
1269 3414 1360 3479 aetus

33 3500 159 3564 Christi
191 3502 365 3567 secundum
395 3524 446 3568 rue
478 3508 518 3567 33
550 3521 719 3579 annorum,
749 3499 888 3565 Dekerio
920 3504 970 3578 32,
1004 3496 1154 3563 Patribus
1185 3502 1237 3577 30,
1273 3497 1360 3562 Bun'·

33 3590 127 3671 tingo
154 3593 208 3668 29,
246 3591 339 3674 vulgo
366 3591 522 3657 hodierno
550 3597 601 3669 28,
633 3590 784 3674 Dionysio
812 3609 897 3665 vero,
930 3591 1020 3673 cujus
1043 3606 1123 3652 aera
1145 3586 1240 3669 vulgo
1267 3585 1361 3651 hodie
1474 3647 1476 3651 ,

34 3683 224 3761 usurpatur,
250 3683 289 3742 27
314 3681 524 3745 currentium.
551 3679 668 3763 ltaque
690 3679 718 3743 si
740 3677 887 3744 Christus
908 3674 1081 3742 Novembri
1102 3675 1145 3740 ad
1164 3674 1361 3758 baptismum

33 3768 179 3842 accoesit,
201 3774 269 3831 tres
291 3767 375 3833 forte
396 3789 521 3834 menses
539 3768 602 3852 ipsi
624 3767 813 3846 doluerunt,
838 3786 904 3849 quo
921 3766 1027 3830 minus
1048 3763 1236 3849 impleverat
1259 3780 1362 3827 annos

33 3855 116 3920 mihi
144 3859 196 3936 33,
222 3855 376 3923 Deckerio
394 3861 444 3935 32,
470 3856 621 3923 Patribus
638 3860 688 3936 30,
709 3856 870 3937 Buntingo
887 3859 938 3930 29,
958 3853 1053 3935 vulgo
1069 3857 1121 3931 28,
1140 3851 1291 3934 Dionysio
1307 3854 1360 3915 rt.

33 3943 90 4009 Sin
119 3948 228 4008 anwm
254 3948 397 4028 sequenti
424 3953 454 4012 0.
476 3944 627 4011 ,Ianuarii
649 3944 832 4028 baptizatus
856 3950 913 4023 est,
933 3949 1016 4009 tunc
1036 3941 1134 4026 plane
1153 3941 1241 4005 hune
1261 3960 1360 4005 anno·

34 4053 109 4096 rum
133 4053 302 4098 numerum
325 4035 525 4118 impleverat.
679 4110 682 4118 Ι
1243 4056 1246 4059 “
1440 4067 1443 4075 v

124 4121 176 4186 Ex
191 4142 257 4203 quo
280 4129 427 4207 apparet,
458 4129 581 4190 veteres
603 4127 712 4206 patres
733 4120 909 4187 inhaesisse
931 4118 1075 4204 praecise
1097 4138 1232 4184 numero
1253 4118 1361 4181 Lucae

34 4209 272 4292 Evangelistae,
286 4212 343 4294 qui
358 4213 521 4278 Christum
540 4212 573 4276 in
589 4210 749 4295 baptismo
760 4209 887 4275 videtum
897 4207 1047 4273 exhibere
1060 4211 1100 4272 30
1113 4227 1273 4272 annorum
1283 4205 1360 4270 lere.

36 4360 252 4374 ..u-——u———n-

115 4436 141 4505 ·)
163 4441 222 4493 Hoc
244 4455 297 4493 uno
317 4443 401 4495 verbo
423 4459 460 4496 ex
482 4440 539 4511 ipso
564 4438 748 4510 Evangelista
774 4438 911 4492 commode
932 4440 1045 4505 accepto
1066 4437 1160 4486 tuetur
1180 4434 1358 4486 Herwartus:

36 4526 96 4596 mirq
117 4523 132 4593 ἢ
151 4519 290 4591 droppen
310 4519 440 4591 [capitum
469 4520 518 4573 sub
539 4512 698 4583 Saturnino]
720 4537 805 4588 πρωτη
829 4513 868 4584 [id
890 4523 933 4570 est
950 4512 1087 4585 προτερον]
1106 4511 1208 4584 ἐγενετο
1226 4515 1360 4583 Κυρηνιου

36 4612 184 4677 ηςΣυριας
197 4604 404 4673 {penetremur
446 4600 508 4655 Hoc
525 4606 605 4670 parto
627 4597 738 4652 concedi
757 4603 858 4666 posset,
878 4594 1028 4659 Quirinium
1049 4593 1133 4645 semel
1153 4598 1259 4645 tanturn
1279 4606 1359 4660 prae·

38 4685 118 4740 luisse
146 4684 261 4752 Syriae.
289 4688 356 4736 tunc
382 4696 493 4750 nempe,
526 4681 634 4751 quando
664 4684 825 4748 procurator
851 4677 977 4730 saumae
1003 4671 1133 4730 Archelai
1158 4671 1306 4726 facultates
1332 4670 1360 4724 in

39 4772 127 4823 llscrnn
148 4765 267 4835 redegit.
