3194 5482
583 258 624 311 na
636 258 783 312 555155
795 258 954 343 crepam.
1415 239 1436 307 1

99 405 284 484 bergensem,
299 403 449 468 celebrem
463 396 547 467 illum
560 402 807 468 mathematicum
828 422 844 463 5
860 421 921 471 555.
935 403 1018 477 desu,
1035 401 1085 483 qui
1098 402 1228 481 posthac
1242 399 1436 466 551105155-

98 492 173 555 darii
190 510 312 556 causam
328 494 459 558 omnium
473 493 602 557 maxime
619 493 691 573 egit,
708 493 919 567 examinatam,
936 490 1102 555 Christiani
1112 490 1238 553 nominis
1247 491 1437 572 Principibus

98 590 128 643 et
149 582 354 650 celeberrimis
377 582 540 647 academiis
555 583 699 645 Pontifex
720 581 905 655 transmisit,
927 588 1026 643 utres
1041 579 1110 654 illa,
1131 579 1171 641 ad
1192 579 1349 642 universos
1364 599 1436 660 per-

98 671 219 745 115555,
237 672 375 752 51551555
398 672 658 739 555555115511555
680 670 911 751 transigeretur.
955 669 1074 731 Edictis
1095 657 1318 748 pontificalibus
1342 663 1385 749 (d.
1410 668 1437 731 d.

98 760 153 836 25,
157 718 247 822 Febr.
264 768 297 823 et
310 757 343 823 7
352 762 430 823 Nov.
448 755 548 840 1582)
564 779 674 823 novum
689 759 903 825 calendarium
916 758 1137 840 promulgatum
1158 765 1191 819 et
1205 757 1321 820 strictis
1337 756 1438 820 verbis

98 806 234 912 omhibns
255 848 450 913 Christianae
470 850 539 912 fidei
555 849 686 912 addictis
707 869 792 931 quaer
784 848 1002 911 immutabilis
1018 866 1122 909 norma
1116 846 1317 931 impositum.
1361 846 1439 909 Huic

98 938 254 1002 Pontificio
268 940 312 1001 M.
328 939 451 1002 decreto
473 939 610 1002 homines
625 939 827 1018 Augustanae
849 937 918 999 11651
941 936 1055 1000 addicti
1071 919 1190 999 tantum
1205 935 1302 998 abfuit
1322 941 1357 997 ut
1372 953 1438 1009 mq-

99 1047 160 1091 1551
175 1021 336 1106 gererent,
358 1036 394 1089 ut
409 1028 546 1091 acerbius
569 1029 599 1090 15
621 1028 719 1108 155515
740 1026 969 1100 inveherentur,
992 1026 1071 1106 quod
1086 1023 1374 1089 nchalendarium
1389 1024 1438 1087 in·

100 1116 312 1191 staurandum,
335 1117 391 1178 sed
404 1117 576 1180 haereticos
592 1115 804 1197 opprimendos
824 1122 987 1198 spectaret.
1031 1115 1052 1177 J
1053 1133 1102 1176 am
1115 1114 1147 1177 15
1161 1131 1194 1176 15
1209 1115 1271 1177 1515
1286 1132 1439 1177 sacrorum

99 1205 226 1267 formula
247 1206 298 1286 agi
326 1206 513 1270 credebatur.
540 1234 543 1241 ·
565 1205 805 1287 Opponebantur
819 1205 1023 1268 Romanorum
1045 1202 1239 1284 arrogantiae
1261 1202 1355 1265 verba
1369 1202 1437 1265 Lu-

99 1294 196 1357 theri
220 1290 378 1375 (Herrlich
398 1295 564 1359 Bedenlren
593 1295 648 1357 des
670 1303 784 1359 tewren
804 1295 935 1357 Mannes
959 1292 1073 1359 Gottss
1093 1292 1221 1355 Lutheri
1243 1291 1358 1372 seligen
1379 1311 1439 1354 von

97 1384 164 1445 dem
174 1383 290 1464 Jezund
297 1403 403 1446 neven
416 1384 622 1464 Bepstischen
637 1383 796 1458 05155651,
814 1378 922 1463 1584).
952 1381 1162 1462 Mathematici
1178 1389 1210 1443 et
1226 1381 1360 1461 theologi
1374 1380 1438 1443 Lu·

99 1472 219 1535 therani
235 1491 346 1552 magno
369 1473 691 1536 551155115515551515
712 1458 1181 1554 51555655551.Μ555111555
1204 1463 1439 1551 (Nothvendige

97 1561 157 1623 556
172 1561 353 1641 grtmdliche
365 1562 532 1625 Bedenlren
546 1581 604 1624 von
620 1560 688 1624 dem
696 1562 816 1626 uralten
829 1561 1012 1624 Romiaohen
1023 1558 1182 1633 85155651,
1196 1559 1334 1622 Η516515.
1347 1557 1440 1635 1584,

99 1650 190 1730 paulo
206 1657 292 1731 post:
316 1650 456 1713 Alterum
472 1670 600 1714 examen
615 1671 684 1713 novr
677 1650 892 1733 'pontificialis
909 1642 1091 1730 Gregoriani
1107 1648 1294 1724 calendarii,
1314 1649 1440 1730 Tubing.

102 1735 219 1819 1586),
248 1739 447 1822 Helisaeus
463 1740 663 1804 Roeslinus
691 1735 789 1821 (Knrz
803 1739 966 1806 Bedenken
994 1758 1054 1801 von
1076 1739 1130 1801 dor
1144 1738 1347 1801 Emendaticn
1370 1739 1440 1800 6555

98 1829 178 1902 1515,
194 1829 292 1890 durch
305 1827 406 1891 Babst
422 1828 602 1909 Gregorium
617 1830 676 1893 655
689 1828 776 1894 XIII.
793 1830 858 1903 115,
878 1828 1113 1910 gestellt'durch
1127 1827 1325 1897 Lambertum
1338 1826 1439 1890 11511-

99 1917 167 1979 dnm
182 1916 416 1996 Plieningerum.
440 1917 624 1999 Strassburg
640 1938 664 1981 5.
681 1911 740 1998 5.),
760 1918 943 1982 Martinus
959 1915 1033 2002 Che
1039 1916 1191 1979 51515155
1215 1910 1357 1995 (Bericht
1368 1935 1441 1977 ,vom
1492 1986 1497 1999 ἱ

99 2006 424 2086 551155Β55511551155
440 2006 591 2072 Calender
613 2028 653 2070 an
673 2008 732 2070 den
751 2007 947 2087 Landgrafen
969 2005 1160 2080 au'Hessen,
1185 1999 1301 2086 1584),
1322 2004 1441 2066 Lucas

100 2094 285 2157 Osiander
301 2090 482 2175 (Bedenken
498 2097 536 2159 cb
552 2097 606 2159 der
621 2115 696 2160 neue
712 2094 1310 2178 555511555585155651’5155Νο11165111
1323 2093 1441 2156 551655

103 2183 248 2248 Christen
264 2184 323 2258 sei,
342 2179 458 2264 1583),
481 2185 652 2266 Scaliger
676 2182 738 2267 (De
758 2185 968 2250 emendatione
989 2192 1172 2265 temporum,
1198 2176 1314 2263 1583),
1337 2183 1442 2247 schola

99 2262 306 2355 Neapolitana
321 2273 482 2352 Nemetum
498 2269 682 2354 (Commeat
699 2276 736 2338 de
753 2274 878 2340 Calend.
893 2273 1031 2337 Heidelb.
1050 2266 1159 2354 1585),
1175 2273 1330 2335 Thomas
1345 2271 1440 2353 Lyd-

100 2369 169 2437 tat,
192 2361 332 2425 0155155
355 2370 455 2426 rector
478 2358 1040 2444 (1155111155651511155551ᾛ1511515
1069 2362 1166 2426 Lond
1192 2362 1292 2437 1605,
1322 2361 1371 2442 qui
1393 2360 1441 2423 his

101 2450 201 2514 151515
218 2451 372 2513 concludit
387 2459 553 2517 tractatum
569 2473 667 2516 suum:
692 2475 718 2517 51
711 2454 853 2536 quando
869 2459 1007 2515 nostram
1019 2473 1090 2514 annu
1082 2452 1227 2514 formam
1243 2470 1309 2514 cum
1317 2450 1440 2513 meliore

101 2547 285 2603 commutare
302 2548 503 2622 opportunum
518 2542 735 2618 censuerimus,
756 2565 776 2606 a
790 2541 945 2625 pontificia
961 2561 1050 2623 quam
1068 2541 1198 2603 maxime
1218 2540 1368 2603 diversam
1383 2539 1440 2601 eli·

99 2623 231 2709 gamus),
248 2625 945 2713 01155555(115551155051.(11551155115
958 2625 1066 2725 1612),
1083 2624 1442 2711 651115155(1515ι515
1500 2676 1504 2685 .

101 2718 274 2783 0515565111
274 2718 369 2796 novi,
384 2714 486 2799 1613)
503 2719 624 2783 815815.
694 2767 696 2771 .

103 2852 106 2856 ι
187 2805 822 2890 11555155151151155555,5511151115ιί
845 2742 1002 2870 1515151515
1018 2799 1295 2912 amplectebantur,
1317 2806 1437 2868 instau-
1534 2814 1540 2829 ‘

101 2897 195 2958 randc
212 2895 395 2983 calendario
412 2897 548 2977 objecta,
570 2899 640 2979 quin
663 2898 858 2979 apontificiis
881 2899 1058 2978 impugnata
1080 2898 1156 2973 sint,
1178 2898 1245 2978 quis
1269 2895 1441 2959 dubitabit?

102 2986 234 3052 Primum
249 2972 444 3049 15555115151
459 2988 634 3051 6515555155
651 2987 825 3051 0515565111
841 2987 1022 3069 Gregoriani
1045 2985 1164 3050 obtinet
1186 2986 1266 3050 Chr.
1282 2985 1443 3059 Clavius,

104 3074 209 3156 dequo
221 3074 376 3137 SixtusV.
393 3075 456 3159 tale
472 3077 579 3141 tulisse
596 3078 691 3140 fertur
695 3077 854 3158 judicium:
881 3078 926 3153 ,si
941 3077 1078 3140 Jesuitae
1094 3078 1177 3139 55115
1192 3076 1300 3138 511515
1317 3075 1353 3136 65
1370 3075 1442 3136 5155

30 3248 32 3251 p
102 3165 265 3228 Terrarum
287 3163 368 3226 bens·
394 3163 523 3233 fuissent
543 3166 659 3241 meriti,
687 3166 718 3228 id
740 3173 842 3228 tamen
870 3165 952 3228 laudi
974 3165 1178 3240 decederet,
1208 3165 1287 3247 quod
1310 3163 1443 3237 Clavius,

71 3257 77 3267 ’
100 3252 334 3316 mathematicus
350 3260 414 3316 tam
424 3254 560 3317 eruditus
570 3263 602 3317 et
612 3255 739 3330 celeber,
755 3255 894 3319 escholis
910 3275 1012 3316 eorum
1026 3254 1204 3336 prodierit“.
1235 3253 1358 3319 Clavius
1374 3272 1441 3315 ma-

102 3342 271 3406 thematica
285 3342 374 3404 laude
390 3343 495 3418 floret,
517 3363 577 3406 555
592 3345 672 3427 qnod
688 3364 767 3407 nova
788 3343 993 3425 evigilaverit,
1016 3345 1070 3405 sed
1085 3345 1164 3428 quod
1187 3342 1297 3406 eximia
1312 3342 1370 3405 fuit
1385 3343 1441 3404 do-

101 3432 189 3494 cendi
212 3431 396 3512 aliorumque
419 3451 513 3513 opera
534 3433 565 3495 15
588 3453 674 3496 55515
695 3453 781 3497 55515
801 3433 940 3497 15115561
963 3433 1117 3497 facultate.
1162 3433 1295 3514 Cognita
1310 3432 1444 3495 habebat

102 3528 241 3583 veterum
256 3521 513 3602 recentiorumque
531 3523 662 3604 scripta,
684 3523 824 3604 equibus
845 3523 922 3586 mira
937 3521 1085 3585 facilitate
1108 3523 1244 3586 nucleum
1260 3522 1443 3602 excerpebat

104 3630 201 3692 eaque
218 3609 249 3672 15
265 3610 409 3690 optimam
424 3611 551 3673 formam
567 3619 715 3674 conversa
730 3611 887 3686 reddebat,
908 3612 954 3674 ita
968 3618 1003 3674 51
1017 3610 1120 3674 5151115
1135 3611 1274 3676 15155151
1289 3631 1388 3675 151515
1404 3610 1442 3673 ab

102 3701 169 3780 ipso
186 3700 375 3780 proditarum
390 3699 544 3763 videretur
560 3709 592 3764 et
608 3723 627 3764 a
641 3701 775 3781 plurimis
792 3701 878 3784 quasi
899 3701 1040 3782 princeps
1055 3701 1337 3775 mathematicorum
1358 3700 1441 3762 cole-

102 3797 196 3852 retur.
242 3788 304 3850 Sed
319 3788 462 3851 inclamit
477 3790 606 3854 maxime
623 3791 756 3866 Clavius,
771 3792 851 3873 qnod
867 3790 1013 3853 ecclesiae
1028 3790 1185 3854 Romanae
1200 3792 1323 3855 addicto
1338 3789 1441 3871 ponti-

103 3878 172 3951 ficii,
187 3883 224 3938 51
240 3897 324 3940 suam
339 3896 462 3940 causam
478 3880 590 3960 agenti,
606 3900 667 3942 non
681 3886 845 3961 potuerunt
860 3899 919 3944 non
933 3879 1091 3961 plurimum
1106 3879 1247 3944 tribuere.
1285 3878 1444 3959 Ocpernici

104 3966 285 4028 novationes
301 3968 484 4030 evertendae
501 3977 604 4043 erant,
628 3968 841 4033 Calendarium
863 3989 972 4031 novum
987 3970 1155 4033 Romanum
1178 3977 1284 4033 contra
1298 3967 1442 4047 Evange-

104 4057 229 4119 licomm
245 4056 376 4137 impetus
392 4057 550 4134 tuendum,
573 4058 709 4134 5155155,
732 4066 875 4140 quantum
890 4058 1003 4140 inipso
1019 4067 1087 4124 erat
1101 4066 1136 4123 nt
1150 4056 1378 4131 mathematico,
1393 4076 1443 4118 155

104 4145 258 4208 5511151155
279 4145 515 4209 mathematicae
538 4167 654 4229 quoqne
677 4150 794 4212 nomine
818 4156 925 4212 contra
947 4156 1110 4213 novatores
1136 4147 1332 4213 defendenda
1377 4146 1444 4209 Hoc

104 4253 228 4297 munere
244 4241 367 4297 strenue
384 4243 417 4296 et
431 4235 587 4316 ingeniose
608 4238 788 4318 fungebatur
805 4237 944 4314 Clavius,
966 4258 1062 4321 neque
1077 4238 1243 4306 mirandum
1258 4243 1322 4311 est,
1345 4235 1444 4298 socios

103 4324 171 4405 ejus
186 4324 217 4386 in
232 4324 423 4389 defendenda
444 4325 502 4387 lide
519 4326 670 4389 catholica
682 4327 806 4390 maximi
828 4327 937 4390 fecisse
953 4327 1033 4390 illius
1049 4347 1179 4410 operam.
1224 4325 1445 4407 Gregorianum
1530 4384 1532 4394 ,

104 4413 320 4480 calendarium
335 4413 497 4477 defendere
518 4415 668 4479 intererat
684 4415 799 4491 015111,
822 4417 900 4499 quod
922 4416 987 4498 ipse
1008 4417 1155 4480 insistens
1169 4416 1240 4479 Lilii
1259 4415 1443 4498 propositio-

102 4504 192 4567 nibus
215 4522 356 4583 magnam
385 4503 418 4566 in
439 4504 636 4568 instaurando
660 4504 842 4569 6515565115
865 4525 990 4588 5551515
1010 4515 1154 4589 posuerat
1182 4525 1275 4586 eoque
1297 4504 1446 4569 intensius

104 4593 184 4656 illius
207 4601 434 4681 oppugnatores
454 4594 541 4676 quasi
558 4594 618 4675 ipsi
633 4595 800 4658 malevolos
811 4596 948 4659 refutare
965 4597 1117 4665 studebat.
1146 4595 1270 4660 0151155
1285 4596 1355 4658 Ι1111
1371 4614 1444 4676 515-

102 4682 275 4764 positiones
288 4682 321 4744 15
336 4682 572 4764 congregatione
587 4684 619 4746 15
634 4684 816 4750 1555115551
831 4692 1001 4750 convocata
1018 4688 1129 4764 magna
1144 4682 1445 4755 eruditioneexami-

102 4772 204 4850 navit,
216 4780 263 4834 ,eq
276 4772 462 4861 approbatas
481 4773 513 4837 15
528 4772 664 4838 ordinem
676 4775 810 4867 redegit,
831 4776 862 4844 in
877 4775 1012 4841 ordinem
1025 4774 1169 4840 redactas
1182 4775 1362 4860 magnisque
1377 4774 1445 4841 dia-
