3194 5482
575 283 886 349 ιιιιιιιιιωιιιιιιιιι
1354 261 1397 330 m

84 433 117 486 ιιι
129 424 269 504 profunde
290 425 459 487 demersum
472 425 503 487 in
520 445 644 500 occasu,
666 426 696 488 id
719 426 819 488 estin
841 426 960 488 domum
976 431 1110 500 sextam,
1133 431 1186 486 aut
1202 425 1340 503 decidere
1357 426 1395 487 ab

81 513 167 592 angulo
189 513 323 575 decimae
345 515 466 588 domus,
487 514 538 594 qui
559 522 642 577 esset
663 516 745 585 altus
766 534 871 590 ossus,
894 522 948 577 aut
962 514 1089 594 denique
1112 524 1285 575 versantem
1307 514 1336 576 in
1353 528 1395 586 ιι.

79 603 145 680 signo
160 601 308 663 altissimo
332 603 416 664 etin
439 603 549 682 angulo
566 604 727 683 septimae,
750 611 803 665 aut
825 605 907 666 Solis
929 603 1031 665 radios
1055 602 1246 677 subeuntem,
1265 603 1396 706 opprimi

12 756 13 760 ,
76 689 196 752 infaustis
220 691 346 771 alicujus
368 691 526 772 maleficae
549 693 650 753 radiis.
697 691 909 773 Quamcunque
941 699 1070 773 quatuor
1093 692 1199 788 harum
1224 692 1396 817 opinionum

75 779 144 841 nobis
160 779 292 841 calculus
309 781 538 853 confirmaverit,
555 800 592 842 ex
608 789 679 842 voto
696 781 727 842 id
743 782 809 842 erit.

144 866 265 938 Quinto.
302 869 430 934 Veneris
451 868 574 932 salubre
588 870 678 932 sidere
698 870 791 932 hebet.
830 869 975 932 Bifariam
998 876 1030 930 et
1051 869 1109 931 hoc
1131 867 1259 948 intelligi
1275 874 1395 948 potest:

11 983 12 1032 j
74 959 324 1036 autgeneraliter,
345 958 495 1022 Venerem
518 959 572 1020 sub
589 959 670 1021 Solis
691 959 800 1032 radiis,
823 967 876 1020 aut
898 958 1084 1039 specialiter,
1108 958 1217 1019 lumine
1239 957 1395 1032 minutam,

73 1045 117 1107 loc
130 1054 176 1106 est
192 1047 323 1127 amplius
340 1066 372 1107 se
389 1046 469 1108 Solis
485 1046 601 1109 radiis⁴
594 1039 796 1109 rnrolventem
812 1068 864 1109 seu
881 1047 995 1110 directo
1013 1066 1063 1108 sen
1082 1065 1227 1109 converso
1243 1052 1336 1108 motu.

143 1133 250 1196 Sexto.
280 1135 429 1216 motaque
449 1133 528 1197 cela·
549 1135 709 1218 cyllenius
730 1139 844 1199 liceret.
879 1134 1030 1197 Ἀιτιθισιι
1052 1136 1148 1197 utitur
1171 1136 1300 1217 politica.
1339 1134 1394 1195 llle
1512 1193 1514 1195 ,

11 1247 12 1250 “
71 1223 226 1285 celerrimus
243 1225 431 1287 errantium
418 1245 483 1305 Jam
498 1226 620 1300 haeret,
641 1227 698 1288 hoc
721 1234 769 1288 est
785 1233 849 1338 stat
864 1224 1036 1298 immobilis,
1058 1224 1107 1285 vel
1123 1227 1229 1287 tardus
1246 1231 1278 1285 et
1293 1230 1395 1285 retro-

72 1313 167 1392 gradus
183 1320 242 1374 est.

10 1423 11 1426 ¹
141 1400 290 1481 Septimo
315 1400 442 1464 (ioelum
451 1401 543 1465 Mors
556 1400 641 1482 solus
655 1403 763 1474 babet·
779 1410 832 1464 aut
847 1403 917 1483 quia
932 1402 1014 1463 solus
1031 1421 1122 1481 supra
1137 1402 1271 1474 Terram,
1287 1400 1393 1481 reliqui
1445 1427 1450 1439 ·

68 1490 138 1563 inira,
161 1499 216 1551 aut
239 1491 310 1573 quia
332 1491 413 1552 solus
434 1492 511 1553 liber
532 1491 625 1553 radiis
641 1491 736 1566 Solis,
759 1499 812 1553 aut
834 1492 903 1572 quia
926 1491 1006 1553 solus
1023 1499 1131 1571 potens
1154 1497 1187 1550 et
1200 1490 1290 1551 velox
1306 1510 1408 1552 cursu.

7 1659 8 1664 η
69 1588 89 1639 ιι
102 1600 158 1640 non
175 1580 322 1653 sillictus,
337 1580 441 1661 reliqui
459 1588 512 1641 aut
527 1579 619 1643 radiis
636 1587 688 1643 aut
703 1581 965 1660 retrogradatione
981 1580 1096 1660 pressi,
1112 1586 1164 1640 aut
1180 1578 1306 1659 deniqne
1323 1579 1394 1659 quia
1452 1572 1457 1591 ¹

7 1719 8 1728 ,
67 1669 165 1747 figurae
182 1669 329 1730 dominus.
353 1669 467 1731 Harum
482 1668 765 1748 interpretationum
776 1670 907 1732 secunda
918 1676 1026 1749 sponte
1043 1670 1140 1741 cadet,
1158 1667 1183 1728 si
1199 1667 1296 1729 locum
1313 1667 1396 1729 Solis
1517 1683 1520 1689 ·

7 1743 8 1807 ἶ
66 1757 261 1832 habuerimus3
284 1757 382 1838 prima
403 1766 435 1819 et
449 1758 541 1820 tertia
564 1760 757 1840 sequentibus
774 1759 941 1820 confirmari
963 1758 1117 1819 videntur:
1144 1754 1209 1818 Our
1223 1759 1316 1838 sigim
1337 1752 1396 1837 (sc.

7 1915 8 1924 ι
67 1842 214 1926 planetae)
229 1843 352 1909 areatas
366 1847 527 1909 deseruere
548 1868 621 1909 suos
637 1844 814 1927 (nocturnos
831 1843 897 1926 sc),
912 1848 1086 1927 mundoque
1093 1848 1245 1928 saunier
1255 1847 1394 1908 obscura.

67 1932 132 2004 Quia
153 1936 204 1998 vel
228 1936 284 1997 sub
306 1936 400 1998 radiis
416 1936 512 2010 Solis,
534 1937 582 1998 vel
600 1931 803 2018 (generalius)
825 1955 927 2021 omnes
950 1937 1005 1998 snb
1021 1936 1130 2010 Terra,
1153 1936 1202 1996 vel
1218 1934 1396 2015 retrogradi,

7 2099 8 2106 ἵ
66 2031 124 2086 tnnc
139 2025 219 2087 enim
235 2044 308 2088 suos
324 2044 429 2088 cursus
445 2027 589 2088 deserunt
604 2036 636 2089 et
651 2027 819 2089 contrarios
834 2027 947 2089 ineunt

140 2113 271 2176 Octavo.
307 2113 454 2197 Erm'feri
472 2115 604 2178 nimium
617 2114 724 2198 sulpet
742 2115 828 2178 lotus
851 2116 986 2178 Οιιοιιίι.
1022 2114 1101 2176 Hinc
1123 2112 1315 2175 manifestum
1338 2119 1395 2185 est,

65 2201 132 2282 loqui
154 2211 281 2283 poetam
303 2205 340 2266 de
364 2213 510 2273 nocturna
531 2206 606 2269 coeli
629 2205 705 2267 facie
721 2204 768 2266 vel
791 2212 873 2266 certe
896 2205 933 2265 de
957 2203 1061 2283 eclipsi
1085 2199 1124 2279 Θ
1148 2203 1250 2264 ιοιιιί.
1290 2202 1395 2281 Neque

7 2303 8 2310 ’
65 2293 334 2369 praetermittamus
356 2293 580 2356 inobservatam
601 2313 705 2356 vocem
726 2293 846 2366 Lotus,
871 2294 955 2373 cujus
980 2291 1041 2354 alia
1064 2299 1182 2372 politae·
1200 2291 1278 2358 ratio
1304 2310 1394 2352 usur·

7 2415 9 2422 ν
64 2381 171 2459 pendae
188 2401 258 2443 esse
274 2402 334 2444 non
349 2389 461 2462 potest,
477 2399 564 2464 quam
581 2384 651 2464 qnia
660 2391 714 2445 ant
724 2383 871 2445 orientem
879 2391 933 2444 aut
949 2381 1136 2445 occidentem
1146 2380 1291 2443 describit
1301 2378 1394 2442 Orio·
1469 2426 1476 2440 .

64 2489 121 2530 nem
127 2472 257 2550 ,magis
272 2480 375 2533 tamen
392 2471 549 2546 orientem,
572 2491 637 2533 cum
659 2472 785 2552 primum
808 2471 961 2535 sinistrum
982 2472 1137 2533 humerum
1159 2470 1306 2549 pauloque
1322 2475 1395 2548 post

7 2633 8 2639 ἵ
65 2560 160 2636 pedem
175 2560 331 2622 sinistrum
354 2567 460 2641 atque
467 2561 510 2622 sio
525 2553 606 2624 latus
621 2561 723 2626 Terris
739 2560 861 2624 exserit.
899 2557 966 2630 Quo
988 2560 1089 2640 posito
1104 2558 1233 2646 Jupiter
1247 2566 1301 2647 qut
1314 2556 1346 2618 in
1362 2570 1395 2622 m
1501 2573 1507 2581 ’

7 2719 8 2736 ¹
64 2649 135 2709 aut
127 2669 158 2710 ιιι
178 2649 339 2711 domeVI,
363 2669 431 2715 esse
453 2669 511 2711 non
533 2657 665 2731 potest.
678 2650 746 2713 Nisi
768 2651 846 2712 sorte
869 2649 950 2712 latus
972 2657 1066 2729 poeta
1086 2647 1170 2708 diost
1193 2665 1247 2727 pro
1270 2645 1394 2708 humero

7 2751 10 2772 ι
65 2737 117 2802 sire
132 2738 266 2819 cingulo,
278 2745 404 2820 propter
418 2757 544 2857 versum
582 2741 739 2803 Hactenus
756 2739 918 2819 descriptio
935 2736 1185 2801 constellationis

401 2940 434 3007 2.
463 2933 619 3033 Tempus
638 2934 743 3034 hujus
764 2931 1053 3030 constellationis.

136 3094 210 3156 Jam
238 3094 371 3156 secundo
398 3093 567 3169 videamus,
595 3114 635 3156 an
662 3094 782 3175 aliquod
810 3094 898 3173 buJus
924 3090 1164 3155 constellationis
1193 3097 1312 3170 tempus
1338 3110 1394 3153 ex·

62 3183 206 3260 primatus.
240 3184 285 3244 Et
305 3183 354 3244 hic
370 3183 487 3263 quidem
509 3184 611 3245 multis
625 3183 728 3245 verbis
749 3202 810 3246 non
825 3190 874 3253 est
895 3201 979 3263 opus.
1016 3179 1290 3243 Lucanusbellnm
1306 3179 1394 3243 civile

61 3271 130 3334 iuter
145 3271 314 3335 Caesarem
338 3280 369 3334 et
378 3273 558 3354 ,PompeJ'um
578 3272 783 3353 descripturus
805 3293 824 3334 a
845 3268 1088 3355 primisorditnr
1109 3269 1220 3343 initiis,
1242 3288 1350 3351 nempe
1374 3290 1393 3332 s

61 3361 182 3423 transito
197 3361 356 3423 Rubicone
373 3370 521 3442 captoque
529 3362 676 3426 Arimino.
705 3362 801 3425 Fama
817 3361 965 3423 adventus
976 3357 1118 3423 Caesaris
1128 3359 1257 3421 Romam
1271 3360 1392 3438 perlata
1432 3376 1436 3381 ’

60 3449 198 3511 describit
222 3451 324 3530 fugam
347 3451 500 3516 consulum
522 3459 612 3532 atque
635 3450 750 3529 civium.
792 3451 889 3530 Hujus
915 3456 1021 3511 tantae
1045 3447 1256 3528 trepidationis
1282 3468 1392 3512 causas

59 3538 200 3619 explicat,
224 3546 258 3600 et
280 3539 372 3601 altius
394 3558 413 3601 a
435 3540 556 3603 deorum
579 3539 713 3624 consiliis
730 3539 858 3620 repetit,
880 3548 970 3620 atque
993 3538 1023 3600 in
1039 3537 1140 3599 omina
1159 3537 1293 3611 confert,
1316 3540 1403 3618 quae

58 3628 298 3709 frequentissima
314 3629 398 3690 coelo
414 3636 553 3710 terraque
569 3637 703 3692 terruere
718 3629 859 3709 pavidum
874 3628 989 3708 vulgus.
1013 3629 1097 3688 Inter
1114 3633 1216 3689 cetera
1226 3627 1395 3702 chasmate,

57 3724 199 3792 cometen,
221 3717 350 3798 eclipses
366 3717 470 3780 Lunae
486 3727 576 3800 atque
592 3718 693 3793 Solis,
711 3728 743 3780 et
757 3725 945 3780 monstrosos
960 3725 1067 3798 partus
1081 3724 1237 3790 recenset,
1259 3715 1339 3797 quod
1355 3716 1394 3777 ad

59 3816 171 3885 partem
194 3807 378 3870 notabimus.
422 3810 482 3869 Tot
512 3807 726 3888 apparentibus
753 3806 898 3887 prodigiis
925 3821 1056 3886 aruspex
1081 3805 1112 3868 in
1138 3805 1244 3867 urbem
1271 3803 1393 3887 antiquo

57 3914 130 3957 nore
146 3896 326 3958 accersitur.
361 3897 405 3957 Ει
426 3915 556 3978 aruspex
577 3897 695 3978 quidem
710 3895 863 3977 ambigue,
885 3895 1010 3976 Figulus
1026 3914 1097 3957 vero
1113 3894 1274 3957 manifeste
1295 3908 1394 3956 rerum

59 3985 331 4059 commutationem,
347 3985 529 4066 reipublicae
545 3986 770 4066 oppressionem
785 3993 817 4049 et
831 3993 934 4049 cetera
947 3985 1030 4049 mals
1044 4003 1083 4046 ex
1098 3984 1174 4047 coeli
1189 3983 1291 4065 positu
1301 4001 1393 4063 prae·

55 4072 132 4134 dixit

133 4163 194 4225 Hic
210 4162 347 4235 videmus
363 4163 501 4226 subnecti
509 4164 608 4244 Figuli
617 4165 778 4244 praesagia
786 4163 931 4244 prodigiis
947 4170 979 4226 et
989 4164 1128 4226 consulto
1138 4160 1269 4235 Αιιιιιιίἰ,
1285 4168 1390 4222 utros-

55 4269 103 4340 que
125 4271 200 4314 vero
224 4271 291 4313 cum
314 4252 387 4333 iuga
408 4253 515 4318 civium
538 4272 576 4315 ex
596 4254 669 4316 urbe
691 4253 735 4314 ita
755 4253 908 4327 connecti,
929 4261 964 4315 ιιι
978 4246 1031 4315 illa
1046 4253 1133 4332 hujus
1155 4269 1264 4312 causae
1281 4250 1393 4313 fuerint

56 4335 98 4401 ‘rel
112 4340 272 4421 proximae
287 4349 434 4422 tempore,
449 4343 497 4405 vel
514 4352 596 4405 certe
613 4361 651 4403 ex
665 4362 726 4404 non
741 4343 899 4404 admodum
914 4343 1003 4422 longo
1019 4340 1189 4404 intervallo.

132 4431 206 4491 Non
223 4429 447 4513 iglturdubium
463 4440 519 4506 est,
535 4432 736 4514 quaerendam
746 4432 823 4494 hanc
833 4431 1095 4513 constellationem
1105 4447 1183 4491 anno
1201 4432 1272 4489 ante
1283 4426 1391 4494 Chris·

54 4524 109 4580 tum
131 4519 191 4594 49,
214 4518 258 4583 50
280 4521 336 4583 vel
352 4520 394 4582 ad
415 4540 559 4583 summum
582 4522 632 4583 51.
670 4519 746 4585 (lum
769 4540 840 4624 ergo
861 4521 947 4584 annis
969 4520 1065 4582 tribus
1088 4517 1181 4580 semel
1202 4523 1322 4598 tantum
1337 4525 1391 4580 aut

55 4627 191 4672 summum
206 4609 254 4672 bis
268 4611 357 4675 Mars
373 4609 559 4692 ingrediatur
575 4609 815 4691 Scorpionem,
802 4629 897 4690 Janua
912 4609 998 4673 nobis
1018 4609 1057 4719 ad
1073 4594 1281 4689 quaestionem
1296 4615 1388 4688 pate·

54 4697 127 4762 lacta
141 4708 199 4764 est
