3194 5482
172 237 213 304 78
290 309 293 315 ,
362 218 364 226 Ι
590 261 690 312 Literae
701 256 806 326 Kepleri
818 221 970 347 aliorumque
982 266 1085 311 mutuae
1147 276 1150 277 ⁷

173 420 212 463 ex
228 410 359 482 quatuor
374 404 494 466 casibus
510 394 602 484 snpra
616 404 780 484 propositis
796 403 887 465 trium
905 403 1037 483 priorum
1056 402 1155 464 nullus
1171 403 1268 465 locum
1282 402 1395 466 habere
1409 403 1507 483 possit

172 490 204 552 in
218 490 343 554 Lucano
366 488 497 573 (oriente
518 512 644 573 namque
665 493 724 555 illis
745 493 929 572 temporibus
950 492 1096 556 Canicula
1114 493 1200 554 Mars
1220 510 1278 554 non
1293 491 1393 553 estin
1410 491 1507 568 tqvel

172 572 253 659 Q)
282 582 431 662 sequitur
440 600 511 662 ergo
534 581 687 662 Nigidium
707 583 847 662 Figulum
875 581 955 662 loqui
978 581 1015 642 de
1041 582 1225 683 quaestionis
1250 582 1419 643 schemate:
1450 599 1508 660 qua

170 677 259 748 parte
276 670 460 749 astrologiae
484 670 556 736 nihil
572 690 701 751 unquam
718 670 958 751 superstitiosius
980 676 1035 731 ant
1055 671 1174 750 magiae
1195 671 1418 751 smtilegiisque
1434 687 1506 748 pro-

170 758 237 838 pius
253 759 423 821 confinxere
435 759 590 822 Chaldaei.
622 760 674 821 Sic
691 760 769 825 enim
784 759 899 821 habent
912 759 1029 821 illorum
1043 766 1217 839 praecepta,
1232 767 1268 820 ut
1282 758 1459 837 astrologus
1472 777 1508 819 eo

170 855 336 921 momento,
356 867 414 928 qno
431 849 468 910 de
483 868 516 910 re
532 849 672 929 quapiam
687 849 891 927 interrogetur
907 849 944 909 ab
961 848 1033 922 alio,
1048 848 1120 909 vel
1112 867 1177 928 ipse
1194 848 1321 927 cogitet,
1337 847 1414 908 coeli
1430 847 1506 926 lign-

117 988 119 1001 .
171 955 235 996 ram
257 936 400 1016 inspiciat
427 945 517 1018 atque
544 938 581 998 de
605 937 731 1017 singulis
754 937 886 1015 Judicet,
915 937 999 1016 qnasi
1024 937 1226 1016 cogitationes
1250 934 1426 1018 quaerentis
1449 955 1509 996 non

172 1024 293 1103 possint
313 1026 371 1086 nisi
394 1027 448 1089 sub
471 1034 556 1089 certa
573 1026 804 1090 constellatione
829 1025 969 1087 existere.
1007 1025 1084 1089 Cum
1098 1025 1191 1106 igitur
1206 1026 1291 1087 varia
1307 1026 1414 1087 eodem
1429 1033 1508 1085 tem-

171 1120 244 1193 pore
260 1114 398 1195 prodigia
414 1115 589 1188 existerent
606 1124 638 1176 et
654 1126 743 1194 super
757 1114 817 1177 illis
831 1115 934 1176 Amne
954 1133 1113 1194 aruspexJ
1100 1115 1249 1194 juxtaque
1265 1115 1390 1194 Figulus
1406 1122 1508 1174 astro-

167 1202 256 1281 logus
272 1204 513 1266 consulerentur.
525 1204 660 1284 Figulus
676 1223 743 1265 mea
758 1204 912 1265 sententia
927 1203 1113 1283 sequentium
1129 1204 1315 1266 schematum
1329 1205 1510 1266 alterutrum

170 1290 313 1370 inspexit.
351 1297 406 1361 (His
418 1301 544 1365 Keplems
559 1301 630 1351 addit
643 1301 773 1350 schemata
785 1301 942 1365 ethologiae,
955 1312 1019 1365 qnae
1032 1301 1170 1352 omittenda
1181 1298 1380 1379 censuimus)

224 1378 482 1444 Constellatio
474 1401 543 1462 rpsa
556 1381 658 1443 valida
673 1389 735 1442 est:
759 1388 792 1443 et
806 1381 869 1441 sive
886 1387 987 1442 aerem
1003 1388 1182 1460 spectemus,
1205 1381 1385 1460 generandis
1401 1380 1509 1460 ignitis

86 1534 89 1543 f
139 1500 142 1508 ι
169 1434 395 1548 phantasmatis
416 1470 540 1544 ido'nea,
561 1472 624 1532 sive
646 1471 792 1532 malumus
807 1476 959 1542 monstra,
981 1470 1019 1530 de
1040 1469 1146 1549 quibus
1160 1471 1264 1536 Aruns
1277 1471 1442 1551 praecipue
1457 1489 1508 1531 re-

167 1558 306 1637 spondit:
331 1577 404 1620 sane
415 1559 518 1638 jurare
535 1559 644 1634 ausim,
667 1560 861 1639 quodcunque
877 1558 932 1620 sub
947 1558 1108 1639 posteriori
1123 1559 1219 1639 figura
1237 1567 1397 1634 noscatur,
1419 1577 1507 1622 mon-

172 1653 269 1708 strum
284 1648 423 1710 futurum.
448 1648 495 1710 ΔΕι
509 1649 708 1728 posteriorem
723 1648 842 1729 quidem
856 1647 954 1728 magis
966 1647 1143 1710 commendo
1163 1655 1197 1709 nt
1213 1643 1429 1728 corigruentom
1443 1647 1508 1709 Lu-

171 1734 239 1797 cani
255 1732 460 1816 descriptioni
497 1733 532 1816 1)
556 1738 708 1800 Saturnus
723 1757 783 1798 non
805 1744 854 1799 est
868 1737 899 1799 in
913 1736 982 1800 MC.
998 1755 1054 1798 nec
1069 1736 1099 1798 in
1114 1755 1228 1798 summo
1245 1737 1339 1817 signo,
1362 1757 1404 1799 sc.
1417 1738 1450 1799 -in
1467 1750 1509 1801 ee.

131 1891 132 1896 η
173 1819 209 1902 2)
234 1822 289 1887 Sol
304 1844 364 1886 non
380 1834 429 1887 est
443 1825 474 1887 in
489 1831 521 1900 il.
558 1821 595 1906 3)
619 1828 704 1888 Mars
719 1826 813 1888 estin
828 1836 878 1903 ιιι,
900 1826 979 1887 inter
995 1824 1099 1890 chelas
1114 1833 1147 1887 et
1161 1824 1302 1898 caudam,
1325 1845 1391 1888 cnm
1408 1826 1508 1887 fronte

170 1911 297 1975 scilicet.
327 1908 364 1993 4)
387 1913 507 1994 Jupiter
522 1914 553 1976 in
569 1915 633 1977 alto
649 1923 699 1976 est
713 1915 832 1994 gemina
847 1914 975 1987 ratione,
995 1915 1065 1996 quia
1079 1921 1150 1994 post
1163 1913 1232 1983 MC.
1249 1921 1281 1975 et
1295 1915 1326 1977 in
1342 1928 1390 1980 ee:
1416 1914 1508 1976 etiam

168 2001 258 2063 valde
274 2003 418 2083 premitur
434 2004 558 2065 duorum
571 2004 763 2084 planetarum
785 2002 878 2065 radiis
894 2003 1057 2087 oppositis„
1080 2004 1203 2065 duorum
1224 2003 1381 2084 quadratis
1404 2010 1439 2064 et
1458 2003 1507 2064 in-

97 2107 101 2113 ’
170 2109 259 2172 snper
274 2092 487 2154 retroactione.
524 2093 622 2155 Unica
636 2112 697 2156 vox
713 2091 834 2156 Occasu
853 2111 900 2154 me
920 2092 1055 2172 nonnihil
1079 2100 1208 2153 exercet
1243 2091 1376 2172 Cumque
1391 2091 1508 2154 Lucani

170 2180 354 2261 exemplaria
369 2181 452 2243 varie
469 2182 628 2262 depravati
645 2182 715 2255 sint,
737 2182 838 2244 nescio
855 2202 894 2242 an
910 2181 991 2242 aliud
1007 2200 1060 2261 pro
1076 2181 1134 2243 hac
1149 2200 1222 2241 voce
1239 2189 1270 2242 et
1286 2181 1428 2244 fortassis
1446 2180 1508 2243 Oo-

170 2272 264 2332 carso
279 2268 445 2349 legendum
476 2271 555 2332 Nam
569 2271 690 2351 Jupiter
704 2271 735 2332 in
750 2271 847 2332 medio
864 2270 939 2332 coeli
951 2269 1101 2351 'affligitur
1116 2269 1154 2331 ab
1170 2266 1308 2350 opp'osito
1323 2270 1409 2332 radio
1427 2269 1509 2332 Solis

171 2359 366 2421 occurrentis.
390 2359 592 2424 Anananus
609 2359 753 2421 fortassis
764 2357 872 2423 Jovem
888 2359 918 2420 in
934 2358 997 2420 alto
1013 2378 1122 2420 occasu
1137 2359 1231 2439 ponit,
1246 2360 1295 2440 qni
1310 2366 1359 2421 est
1374 2359 1407 2421 in
1421 2359 1507 2439 prin·

170 2447 248 2527 cipio
258 2445 443 2528 'quadrantis
458 2448 490 2510 in
504 2448 614 2511 mundo
631 2448 841 2522 occidentalis,
862 2454 894 2509 et
908 2469 928 2509 a
944 2449 1058 2509 summo
1075 2447 1157 2509 coelo
1174 2466 1278 2510 versus
1295 2467 1436 2510 occasum
1451 2447 1507 2509 de·

171 2537 316 2599 scandere
331 2537 458 2617 incipit?
489 2537 554 2613 An,
576 2537 657 2618 quod
671 2557 763 2617 snpra
777 2537 890 2611 monui,
912 2537 981 2617 quia
997 2536 1101 2598 defluit
1117 2536 1155 2598 ab
1171 2536 1279 2620 angulo
1300 2537 1435 2599 decimae
1451 2537 1508 2599 do·

171 2645 237 2687 mus
261 2634 367 2707 estque
386 2626 419 2688 in
441 2627 527 2689 domo
551 2627 716 2689 cadentel'
737 2627 788 2688 An
809 2646 863 2706 per
883 2626 1107 2689 similitudinem
1129 2625 1193 2704 ejus
1214 2626 1509 2707 retrogradationem

153 2744 155 2747 ·
171 2733 312 2776 occasum
328 2715 410 2790 dicit,
424 2724 586 2796 propterea
602 2714 681 2796 quod
696 2716 797 2777 sidera
812 2723 895 2777 recto
911 2722 995 2776 motu
1016 2714 1186 2776 incedentia
1202 2714 1240 2776 ad
1256 2723 1354 2778 ortum
1370 2716 1509 2788 tendunt,

171 2822 316 2868 converso
331 2823 403 2866 vero
419 2804 459 2866 ad
474 2804 633 2866 occasum?
657 2805 737 2885 qnod
751 2802 870 2884 quidem
890 2803 1056 2878 inauditnm
1076 2803 1148 2865 mihi
1168 2822 1261 2884 genna
1280 2804 1430 2885 phraseos
1451 2812 1508 2865 est

130 2944 132 2949 .
170 2892 222 2955 An
245 2893 372 2973 deniqne
394 2893 464 2973 quia
487 2915 505 2955 a
528 2892 599 2955 Sole
615 2893 819 2956 occidentalis
841 2900 890 2954 est
910 2893 1045 2972 Jupiter,
1067 2892 1134 2955 idco
1157 2912 1294 2955 occasum
1315 2893 1360 2956 illi
1381 2891 1509 2955 tribuit?

172 2983 290 3043 Forsan
313 2990 346 3043 et
360 2981 434 3044 illnd
455 2982 600 3063 suspicari
622 2988 797 3063 possumus,
804 2982 888 3062 ‘quia
901 2981 1022 3061 Jupiter
1045 2982 1125 3043 circa
1146 2982 1213 3043 illos
1229 2981 1292 3043 dies
1315 2982 1446 3050 cosmice
1462 2977 1510 3062 (id

173 3078 224 3131 est
247 3069 319 3133 Sole
342 3064 474 3150 oriente)
497 3071 619 3145 occidit,
641 3072 699 3132 hoc
713 3070 782 3132 istis
798 3070 898 3134 verbis
914 3076 1043 3150 poetam
1065 3070 1231 3150 significare
1253 3070 1393 3138 voluisse
1441 3068 1509 3141 Quo

170 3158 267 3221 minus
284 3160 362 3221 enim
378 3159 484 3233 dicam,
499 3160 629 3222 Jovem
621 3180 651 3221 ιιι
667 3159 777 3240 angulo
794 3159 941 3239 septimae
956 3159 1510 3225 vel1nsextaocc1dentemversatnm

174 3247 276 3321 firisse,
291 3248 365 3310 illud
380 3248 493 3322 obstat,
510 3248 650 3330 quiahoc
666 3256 757 3329 pacto
774 3246 869 3311 Orion
884 3255 968 3309 esset
983 3238 1068 3310 inira
1076 3247 1208 3313 Terram

258 3295 294 3416 5’)
324 3336 452 3400 Veneris
465 3337 556 3401 udus
570 3337 670 3399 hebet:
693 3337 763 3419 quia
778 3344 827 3398 est
843 3337 898 3398 sub
912 3336 1006 3398 radiis
1023 3343 1055 3398 et
1068 3336 1150 3398 intra
1165 3336 1307 3399 ambitum
1323 3337 1405 3409 orbis
1415 3336 1510 3412 Solis,

93 3494 98 3503 „
171 3424 255 3504 cujus
270 3425 364 3488 radiis
382 3422 439 3488 15⁰
455 3426 598 3489 tribuunt.
627 3427 733 3490 Venus
747 3445 819 3488 vero
838 3420 896 3488 11⁰
912 3426 1001 3488 abest
1016 3447 1034 3499 a
1049 3424 1130 3491 Sole.
1161 3421 1196 3506 6)
1219 3426 1385 3505 Mercurius
1400 3426 1512 3489 haeret

171 3533 264 3595 prope
281 3514 444 3577 stationem
460 3517 635 3590 secundam,
657 3516 801 3595 adquam
822 3514 927 3595 paucis
948 3522 1020 3595 post
1035 3515 1139 3577 diebus
1162 3515 1287 3578 accedet
1304 3524 1388 3577 motu
1404 3524 1510 3578 retro-

171 3603 274 3683 grado.
302 3598 341 3684 7)
366 3604 460 3685 Signa
477 3612 592 3680 cetera,
614 3605 671 3666 hoo
687 3612 736 3666 est
750 3603 857 3685 reliqui
871 3603 1014 3685 planetae
1031 3604 1190 3667 deseruere
1213 3609 1283 3667 snos
1297 3612 1417 3666 meatus
1432 3623 1509 3685 par·

171 3692 234 3766 tim,
250 3692 360 3771 partim
375 3693 484 3775 mundo
500 3695 628 3757 obscura
644 3695 787 3756 feruntur.
816 3692 938 3767 Namll
952 3699 1001 3754 est
1015 3694 1218 3774 retrogradus,
1233 3689 1253 3769 b
1269 3712 1328 3755 non
1343 3702 1436 3768 meat,
1452 3695 1508 3755 sed

172 3781 370 3843 stationarius
384 3782 434 3857 fit,
456 3782 585 3860 §etiam
599 3783 706 3863 incipit
726 3802 764 3843 ex
783 3781 1046 3862 retrogradatione
1068 3783 1264 3845 stationarius
1283 3782 1363 3856 fieri,
1386 3781 1412 3856 Q
1433 3789 1508 3845 vero

172 3869 227 3931 snb
249 3870 343 3932 radiis
364 3877 465 3933 estet
487 3871 530 3934 sic
551 3873 660 3934 mnndo
681 3871 809 3934 obscura
830 3872 934 3933 lemur
972 3868 1027 3934 Sol
1050 3872 1176 3953 deniqne
1199 3879 1231 3933 et
1245 3871 1331 3933 Luna
1351 3879 1425 3932 sunt
1450 3871 1507 3934 snb

171 3960 267 4022 Terra
289 3953 366 4039 (alia
388 3960 466 4022 enim
488 3958 554 4023 Soli
576 3960 746 4023 obscuritas
768 3966 857 4023 extre
879 3960 1005 4041 eclipsin
1027 3980 1087 4023 non
1112 3955 1281 4042 competit).
1316 3962 1402 4023 Mars
1425 3959 1510 4022 solus

173 4048 288 4110 coelum
302 4048 424 4111 habet
415 4069 446 4109 ιιι
461 4057 587 4130 ntroqne
604 4049 765 4112 schemate.
801 4044 881 4116 Nam
896 4057 945 4111 est
961 4049 1090 4112 omnium
1108 4051 1296 4132 planetarum
1316 4048 1511 4123 fortissimus,

172 4138 241 4218 quia
263 4136 363 4209 insno
380 4137 523 4213 dominio,
545 4138 621 4201 liber
642 4137 749 4212 radiis,
761 4127 921 4212 directus,
944 4147 976 4200 et
997 4139 1174 4202 insecundo
1197 4139 1349 4201 schemate
1372 4137 1511 4211 solusin

171 4226 282 4307 angulo
303 4226 416 4307 primae
440 4227 559 4301 domus,
581 4226 660 4289 ortui
681 4227 878 4308 propinquus:
904 4185 1011 4290 deinde
1034 4229 1104 4309 quia
1119 4234 1168 4289 est
1189 4226 1332 4290 thematis
1351 4212 1510 4308 utriusque

171 4315 316 4377 dominus
347 4312 399 4377 Sic
414 4315 506 4396 igitur
520 4316 656 4405 intelligo
671 4316 787 4378 Lucani
803 4317 909 4378 verba:
935 4314 1062 4379 Ooalam
1075 4315 1163 4387 soloe
1177 4316 1280 4390 habet,
1301 4315 1332 4376 id
1349 4323 1407 4389 est,
1423 4316 1510 4378 solus

172 4403 271 4465 omnia
285 4410 390 4485 potest
411 4413 465 4467 ant
480 4406 561 4467 solus
578 4405 691 4468 directe
715 4413 747 4467 et
767 4406 913 4469 velociter
934 4400 1087 4479 movetur,
1110 4425 1184 4486 quae
1206 4405 1326 4486 phrasis
1347 4406 1512 4467 admodum

171 4492 268 4555 latina
289 4500 339 4555 est
358 4500 391 4555 ct
410 4494 510 4574 poetis
526 4494 690 4568 familiaris,
705 4493 835 4556 utillud:
854 4491 1031 4575 Campoqae
1042 4495 1163 4575 potitur
1178 4501 1292 4576 aperto.
1320 4493 1389 4557 Etsi
1406 4502 1512 4571 autem

172 4580 308 4661 inprime
318 4584 472 4647 schemate
481 4582 783 4656 illudMartiindulsi,
798 4589 833 4644 nt
848 4583 1032 4646 etiamesset
1046 4602 1137 4663 supra
1146 4585 1271 4646 Terram
1286 4588 1318 4644 et
1333 4583 1376 4646 sic
1392 4564 1512 4646 coelum

173 4669 285 4731 habere
302 4671 433 4735 dicatur:
459 4681 560 4750 tamen
581 4671 613 4734 id
634 4671 814 4734 imbecillum
836 4681 900 4748 est,
923 4692 988 4735 oum
1010 4691 1070 4734 non
1098 4671 1179 4734 solus
1201 4671 1329 4747 habeat,
1352 4673 1406 4735 sed
1417 4672 1513 4754 juxta

173 4757 276 4821 videat
291 4754 311 4839 b
328 4767 360 4821 et
374 4759 413 4836 ll
442 4761 523 4830 Sane
538 4763 620 4835 intra
637 4761 677 4824 10
692 4759 808 4824 vicinos
830 4781 926 4839 annos
940 4761 991 4824 vix
1012 4761 1179 4842 reperietur
1193 4762 1279 4826 Mars
1293 4761 1323 4823 in
1340 4759 1512 4844 Scorpione
