3150 5482
202 239 268 300 640
481 189 483 193 i
627 304 635 333 κ
700 272 701 275 ,
772 228 860 279 'l'ertia
876 227 948 278 Pars.

202 421 334 495 uterque
359 409 483 492 major3
513 401 664 489 quodque
693 402 851 486 posterior
880 401 1024 468 calculus
1054 399 1205 468 differens
1236 401 1358 487 prodet
1379 423 1400 468 a
1420 404 1513 491 priori

203 508 272 588 ejus
295 506 387 583 perte
411 495 540 562 dimidie
562 493 636 559 hinc
651 491 798 556 detracta
813 491 951 558 relinde
973 491 1110 576 adjecta,
1128 495 1259 576 justum
1274 494 1328 574 (ut
1342 493 1376 557 in
1390 488 1516 577 perlecti

203 590 288 657 citrii
309 589 426 668 figura)
448 583 659 654 ‚constitutum
679 579 729 645 iri.
942 632 944 636 ,
1019 621 1021 624 -
1434 596 1437 608 ·

293 678 327 758 3)
351 673 473 755 Quodsi
500 671 568 753 tibi
588 669 853 751 scrupulositates
883 667 965 733 istae
993 668 1138 750 nondum
1170 668 1359 748 sufficiunt,
1388 692 1425 736 eo
1446 671 1518 754 qnod

204 775 376 833 curvatura
398 761 583 827 tabularum
605 779 669 827 non
691 777 819 841 semper
839 755 958 836 babeat
979 757 1115 839 figentem
1138 752 1334 824 circularem
1358 767 1520 838 exactaet

205 859 241 936 si,
267 865 302 921 ut
325 860 373 918 est
394 849 659 934 geometricorum
680 846 878 928 ingeniorum
901 853 1028 923 natura,
1052 868 1116 911 non
1139 847 1307 912 ex'aliena
1330 855 1365 911 et
1387 848 1519 919 conficta,

203 946 322 1011 seder
343 941 480 1025 genuina
503 946 535 1001 et
558 936 687 1019 propria
713 938 868 1019 cujusque
895 934 972 1008 dolii
997 934 1105 1017 ligura
1130 935 1222 1001 lubet
1250 938 1474 1017 argumentari
1494 945 1520 1001 et

116 1049 128 1071 ¹
205 1034 381 1109 calculare:
406 1040 472 1110 age,
498 1025 587 1110 prius
602 1023 761 1107 inquirito,
786 1022 892 1106 qualis
915 1023 1044 1090 omnmo
1065 1023 1171 1108 ligura
1185 1024 1228 1088 sit
1242 1024 1343 1109 hujus
1366 1026 1522 1090 curvitatis

203 1121 397 1190 tabularum.
439 1114 604 1195 Quasdam
629 1113 727 1196 igitur
754 1111 822 1175 visu
850 1112 983 1195 simplici
1014 1112 1194 1196 dignosces,
1224 1111 1422 1196 quibusdam
1442 1113 1520 1194 inda

204 1210 325 1295 gaudis
338 1228 419 1290 opus
441 1203 501 1267 tibi
523 1202 586 1266 erit
606 1201 817 1269 instrumento
840 1200 1088 1266 et'dexteritate
1109 1222 1272 1276 manuum,
1300 1202 1451 1286 circaque
1471 1201 1523 1266 boe

205 1298 388 1365 exercitium
400 1292 581 1380 subtilitate
587 1289 829 1375 *curiosissima*
840 1289 997 1371 quasdam
1017 1290 1155 1374 deniqne
1168 1296 1200 1355 et
1212 1289 1391 1374 plerasque
1408 1291 1524 1374 quidem

205 1388 295 1458 mullo
318 1384 440 1466 ingenio
474 1381 633 1445 discernes
656 1399 677 1442 a
698 1378 839 1460 perlecto
861 1377 1000 1456 cuculo,
1033 1386 1165 1462 propter
1198 1378 1314 1445 rudem
1349 1379 1524 1448 tabularum

205 1474 447 1561 comestionem,
464 1468 692 1552 impedimenta
706 1465 898 1531 circulorum
909 1465 1087 1548 ligneorum
1102 1473 1135 1531 et
1149 1467 1316 1540 viminum,
1329 1467 1524 1552 inaequalem

205 1563 388 1630 tabularum
410 1557 589 1629 crassitiem
612 1561 645 1620 et
666 1555 810 1639 ipsarum
832 1553 1005 1636 figurarum
1027 1554 1218 1640 affinitatem
1240 1556 1331 1621 inter
1353 1578 1401 1622 se.

251 1661 253 1665 ‘
293 1649 414 1728 Quodsi
435 1648 469 1713 iu
492 1643 601 1718 oculos
620 1645 771 1719 incurrat
798 1650 989 1708 curvaturae
1020 1641 1207 1710 tabularum
1234 1645 1269 1709 in
1293 1645 1402 1711 medio
1429 1651 1525 1710 venne

204 1738 424 1807 dissimilitudo
444 1757 465 1800 a
480 1734 650 1800 curvatura
672 1745 782 1797 versus
805 1738 965 1799 extremos
978 1733 1155 1818 margines,
1178 1732 1307 1798 dolium
1323 1735 1388 1798 erit
1402 1740 1524 1814 trnncm

165 1880 170 1888 .
204 1830 268 1898 fusi
289 1825 494 1912 hyperboliei,
515 1829 632 1905 etque
650 1820 819 1904 angustius
834 1819 913 1886 haec
927 1829 1098 1887 curvatura
1112 1828 1255 1887 ventrem
1272 1823 1523 1902 circumsteterit

204 1914 265 1985 boc
287 1920 389 2001 major
411 1909 611 1996 hyperbolae
627 1931 704 1992 pars
726 1910 800 1989 erit,
830 1907 890 1975 hoc
911 1910 1043 1994 propius
1069 1911 1167 1976 etiam
1193 1911 1366 1992 capacitas
1395 1912 1471 1977 dolii
1491 1912 1525 1978 ul

205 2007 414 2090 capacitatem
441 2001 545 2082 trunci
570 2000 670 2075 conici
696 1997 837 2066 accedet.
881 1997 1019 2082 Reliqua
1039 1995 1101 2064 hoc
1121 1999 1345 2065 instrumento
1368 1998 1524 2084 expedies:

205 2108 285 2179 cape
314 2092 460 2176 regulam
482 2083 630 2153 exserto
656 2085 707 2160 vel
734 2085 894 2152 orichalco
922 2087 1129 2171 quadratam,
1152 2086 1233 2153 bene
1254 2088 1411 2170 politam,
1435 2090 1522 2171 longi·

205 2185 315 2251 tudine
336 2181 426 2258 dolii,
452 2200 515 2243 non
538 2176 674 2241 flexilem
696 2196 753 2240 suc
776 2175 933 2259 pondero,
959 2175 1072 2260 inulla
1094 2177 1158 2245 sint
1178 2176 1247 2242 stili
1274 2176 1377 2243 ferrei
1400 2177 1523 2262 graeile

204 2279 239 2340 et
260 2273 357 2349 acuti,
382 2267 535 2347 ut,clavi,
565 2264 727 2333 trusatiles
746 2272 812 2346 ,pe'r
839 2264 1068 2348 longitudinem
1090 2264 1233 2348 regulae,
1262 2266 1313 2330 sic
1335 2273 1373 2331 ut
1396 2268 1429 2332 in
1450 2287 1519 2349 qus·

206 2370 329 2444 cunque
344 2362 413 2443 ejus
428 2362 521 2441 parte
543 2355 697 2433 haereant
718 2351 803 2417 firmi
824 2373 890 2419 non
904 2353 1099 2432 vacillantes,
1123 2352 1247 2437 possint
1267 2360 1387 2423 autern
1403 2355 1523 2422 cochlea

206 2472 229 2516 a
242 2447 363 2532 regula
384 2445 512 2512 extrudi
533 2443 709 2525 reducique
730 2441 773 2507 ad
787 2441 894 2522 illam3
917 2441 980 2506 sint
996 2463 1128 2508 numero
1150 2463 1222 2509 cum
1244 2443 1419 2509 minimum
1440 2446 1521 2528 qnin-

205 2560 277 2623 que,
301 2536 411 2602 melius
427 2536 452 2600 si
467 2540 607 2616 septem,
631 2552 769 2614 quorum
779 2570 781 2573 -
791 2530 934 2595 medium
948 2530 1067 2596 sufficit
1081 2530 1179 2611 fixum
1196 2531 1382 2597 adhaerere
1405 2533 1522 2617 regulae

205 2628 335 2703 mediae,
349 2618 563 2707 longitudine,
586 2625 810 2703 quaesuperet
823 2619 1008 2700 ,crassitiem
1022 2620 1125 2684 omnis
1140 2618 1253 2695 circuli
1268 2621 1371 2703 lignei
1385 2623 1419 2688 in
1431 2620 1522 2687 doliis.

206 2716 334 2799 Statnto
370 2711 466 2797 igitur
496 2710 569 2776 stilo
599 2708 662 2774 fixo
692 2709 725 2795 in
754 2728 821 2771 una
850 2709 1144 2786 commissurarum,
1181 2729 1250 2790 qua
1287 2709 1376 2775 duae
1407 2710 1523 2776 tabulae

205 2809 321 2881 meunt
343 2804 376 2867 in
399 2801 503 2866 medio
526 2799 601 2864 dolii
629 2807 754 2876 ventre,
782 2795 924 2882 *reliquos
946 2796 1038 2864 stilos
1066 2796 1233 2862 trusatiles
1255 2795 1354 2867 binos
1378 2808 1412 2864 et
1434 2799 1522 2875 binos,

205 2894 256 2960 ael
278 2894 305 2957 si
320 2893 568 2978 adsuntlternos
590 2886 704 2952 ordina
725 2906 835 2977 versus
857 2884 935 2950 dclii
949 2886 1117 2974 margines,
1140 2885 1317 2955 intervallo
1332 2887 1398 2952 illis
1411 2886 1524 2953 indulto

205 2981 338 3048 modico.
358 2988 390 3046 et
412 2979 564 3060 utrinque
593 2964 738 3057 aequali,
776 2968 980 3056 'cochleisque
1007 2974 1157 3055 munde,
1188 2979 1226 3038 ιιι
1255 2995 1374 3041 omnes
1402 2981 1524 3059 tangant

206 3071 447 3138 commissuram
469 3065 612 3143 eandem,
638 3063 747 3127 extimi
769 3061 949 3145 aequaliter
971 3083 992 3127 a
1013 3062 1117 3130 medio
1139 3063 1254 3132 remoti
1278 3064 1316 3127 in
1338 3063 1523 3148 marginibus

207 3159 375 3238 extremis,
400 3155 550 3240 ceteriin
576 3152 703 3237 punctis
727 3151 853 3228 vicinis,
876 3150 1075 3218 insinuantes
1104 3172 1140 3215 se
1161 3152 1245 3216 inter
1273 3150 1371 3217 binos
1404 3152 1521 3219 circulm

205 3249 333 3332 ligneos,
358 3266 423 3330 qua
444 3245 543 3309 datur
565 3262 676 3306 eorum
698 3241 858 3305 tantulum
884 3239 1098 3322 intervallum.
1143 3237 1197 3323 Ita
1220 3242 1458 3325 comprehensa
1477 3242 1520 3305 sti·

207 3338 312 3405 lorum
332 3331 596 3421 extremitatibus
609 3388 612 3391 .
626 3331 722 3412 quina
752 3328 802 3393 vel
831 3335 963 3412 septena
993 3328 1115 3411 figurae
1145 3336 1266 3419 puncta
1305 3350 1384 3394 cum
1424 3328 1523 3413 regola

207 3425 349 3493 transfer
370 3424 403 3488 in
425 3420 592 3506 planitiem
623 3417 753 3483 tabulae
782 3415 862 3483 bene
890 3416 1131 3500 complanatae,
1162 3416 1256 3483 iactis
1281 3420 1316 3484 in
1339 3411 1382 3483 e'a
1411 3418 1523 3504 puncb's

205 3513 357 3596 totidem
380 3519 417 3578 ut
438 3511 465 3575 si
486 3508 550 3573 sint
572 3508 604 3571 in
626 3507 785 3571 schemate
812 3509 860 3569 16⁵
884 3513 1007 3588 puncta
1033 3513 1175 3570 extremm
1197 3506 1236 3585 F,
1262 3504 1307 3586 G,
1332 3506 1521 3582 medinmC,

205 3604 374 3687 interjecta
396 3599 432 3678 Q,
458 3600 488 3672 S,
513 3605 545 3662 et
566 3595 848 3680 respondentisin
870 3600 964 3677 parte
985 3595 1101 3659 altera.-
1134 3594 1177 3658 Et
1195 3613 1238 3657 ne
1261 3596 1338 3678 quis
1362 3595 1524 3679 scrupulus

207 3692 360 3776 supersit,
390 3688 502 3753 metire
525 3685 622 3749 etiam
649 3684 825 3747 crassitiem
847 3681 1046 3762 tabularum,
1074 3688 1141 3747 tam
1162 3684 1196 3747 in
1219 3683 1347 3749 orificio
1370 3685 1522 3759 infusoria

207 3801 312 3865 quam
325 3778 358 3842 iu
374 3773 590 3860 marginibus3
611 3793 650 3836 ea
665 3778 789 3856 quanta
810 3771 916 3852 fuerit,
940 3777 1035 3836 tanto
1053 3770 1223 3836 intervallo
1244 3792 1362 3858 versus
1379 3775 1524 3838 interiora

206 3878 239 3934 et
260 3875 407 3933 centrum
434 3865 530 3930 veluti
560 3865 749 3926 curvaturae
773 3859 871 3926 facito
892 3866 1011 3943 puncta
1038 3857 1119 3936 alia,
1152 3858 1267 3924 deletis
1291 3861 1472 3944 prioribus,
1493 3866 1523 3924 nt

205 3958 386 4023 interiorem
409 3955 602 4043 curvitatem
620 3949 696 4015 dolii
722 3947 826 4032 quinis
849 3943 898 4012 vel
920 3948 1057 4031 septenis
1083 3949 1210 4032 punctis
1232 3942 1266 4012 in
1292 3949 1394 4034 plano
1416 3949 1523 4015 habas

229 4068 265 4111 ro
289 4046 412 4109 ositam.
621 4103 625 4111 ,

206 4067 228 4130 p
266 4066 437 4217 perimam
459 4130 554 4213 igitur
576 4132 727 4193 connecte
750 4130 870 4209 puncta
892 4120 972 4209 F,G
995 4146 1054 4208 per
1075 4123 1282 4204 rectam'FG,
1308 4126 1437 4205 deinde,
1458 4145 1520 4191 cnm

207 4223 272 4302 CG,
296 4220 411 4287 ouer
432 4239 600 4302 processus
618 4214 835 4302 'descriptione
857 4213 921 4278 sint
943 4213 1106 4296 aequales,
1130 4213 1209 4278 exC
1233 4215 1522 4300 perpendiculares

207 4311 271 4376 duc
289 4308 325 4376 'in
340 4308 403 4387 FG,
428 4328 509 4391 quae
523 4306 565 4370 sit
581 4304 642 4382 CO,
667 4304 935 4388 continueturque
959 4308 1138 4368 extrorsum
1159 4301 1391 4388 aliquousqne.
1423 4303 1520 4370 Tertio

206 4421 266 4485 per
288 4398 364 4467 bina
386 4404 506 4482 puncta
528 4395 653 4471 extima,
678 4399 713 4457 ιιι
735 4389 774 4471 l',
798 4393 819 4457 S
843 4396 876 4455 et
903 4389 1126 4473 respondentia
1149 4411 1189 4454 ex
1212 4391 1322 4458 altero
1344 4393 1446 4459 latere
1465 4392 1521 4456 dne

206 4496 311 4565 rectas
341 4495 374 4552 et
400 4485 551 4552 continua
577 4482 649 4546 illas
680 4501 781 4563 usque
815 4481 850 4544 in
875 4478 1169 4564 perpendicularem
1206 4479 1260 4545 CO
1298 4483 1520 4548 continuatam.

206 4576 327 4654 Quodsi
356 4575 480 4658 reliqua
509 4577 631 4655 puncta
651 4590 715 4635 non
737 4568 857 4633 inerint
877 4569 968 4634 ¹intra
997 4567 1197 4651 complexum
1226 4567 1348 4643 harum
1376 4571 1521 4637 linearum

206 4665 335 4731 inventa
356 4663 472 4749 omnia,
494 4660 544 4726 vel
566 4658 680 4724 saltem
702 4657 861 4724 exteriora
882 4656 916 4720 in
934 4656 996 4722 bae
1016 4656 1088 4741 ipsa
1109 4657 1211 4729 linea.
1235 4666 1297 4724 aut
1320 4659 1449 4726 uiduae
1468 4659 1520 4723 bae

207 4751 311 4820 lineae
333 4749 550 4819 concurrerint
571 4746 658 4825 alibi,
687 4747 840 4830 quernis
865 4745 937 4830 ipsa
963 4745 1226 4831 perpendimlari
1248 4745 1305 4813 00
1334 4749 1518 4822 anaema
