3142 5476
457 262 622 331 masreca
633 263 784 322 morsa
797 273 847 323 aa
868 218 870 221 ι
1264 253 1325 323 tlt

37 428 58 471 ιι
75 407 183 472 Jacobi
205 407 272 471 tuit
314 407 459 489 Legimus
481 408 575 484 enim,
602 410 682 492 quod
702 411 798 476 frater
818 411 945 478 Jeosani
966 412 1093 478 Madian
1117 414 1199 480 circa
1220 396 1335 481 urbem*

37 498 160 562 ritimam
180 496 373 562 Ptolemaida
394 497 608 579 posteritatem
628 501 841 582 plantaveritr
859 501 938 565 idem
962 503 1056 584 igitur
1080 504 1172 568 etiam
1195 506 1232 568 de
1254 507 1322 587 ipso

37 607 92 651 sau
106 588 249 652 ereditur.
282 582 399 668 Estque
414 586 551 664 Madiani
570 589 738 672 principum
751 611 829 655 uuus
844 590 919 668 Sur,
941 593 1020 656 unde
1036 591 1123 675 Syri3
1147 595 1217 677 quid
1232 595 1326 676 igitur
1344 604 1346 609 “

38 677 137 752 hibet,
159 676 299 740 similiter
314 684 347 739 et
361 697 380 738 a
395 677 507 740 Dadan
523 697 590 741 esse
605 675 755 747 Danaosl
784 680 942 743 Permixta
956 681 1049 762 igitur
1063 684 1141 748 haec
1155 683 1325 752 Abrahami
1430 732 1432 743 ,

37 767 146 833 terius
160 766 352 840 Philistaeis,
373 785 410 829 ea
425 766 494 832 loca
507 766 722 845 incolentibus,
743 770 891 835 communi
905 772 1052 836 vocabulo
1067 772 1237 837 Phoenices
1254 781 1325 838 sunt

37 857 52 921 i
66 857 253 938 navibusque
268 854 456 936 trajecerunt
469 855 500 917 in
516 855 648 933 Cretam,
662 859 807 942 Aegypto
822 868 1026 941 praetensam,
1040 861 1169 944 indeque
1185 862 1216 926 in
1229 862 1324 926 Pelo·

37 966 145 1010 ussum
167 953 200 1009 et
221 945 348 1028 denique
370 945 402 1008 iu
416 944 556 1009 Atticam
577 954 611 1012 et
626 949 804 1026 Boeotiam,
825 948 926 1033 ibique
940 950 1129 1014 Dodonaeas
1147 945 1182 1032 (a
1196 947 1324 1035 Dedan)

46 1035 175 1101 Danaos
190 1029 227 1115 (a
241 1030 328 1117 Dan)
346 1034 584 1100 denominarent

64 1125 222 1206 Josephus
244 1143 283 1187 ex-
303 1125 490 1190 Manethuue
512 1126 622 1203 refert,
642 1125 771 1190 Armain
792 1145 832 1190 ex
851 1127 1064 1209 Aegyptomm
1084 1120 1326 1210 regum'familia

37 1215 98 1279 isse
112 1215 146 1277 in
162 1212 335 1289 Graeciam,
349 1213 596 1296 navibusutique
611 1215 799 1290 Phoeniciis;
819 1222 861 1281 ,et
875 1223 996 1298 tempus
1011 1219 1141 1299 quadrat
1157 1220 1197 1282 ad
1208 1216 1326 1285 exitum
1369 1253 1372 1259 ·

37 1305 190 1369 relitarum
206 1323 246 1367 ex
258 1303 403 1390 Aegypto
419 1296 505 1381 (vide
520 1324 699 1369 consensum
714 1324 780 1369 cum
794 1300 946 1387 Diodoro)
967 1325 1127 1390 regemque
1142 1308 1326 1390 Argivorum

37 1394 188 1470 eiectum,
204 1394 295 1458 credo
310 1393 500 1475 cognationis
514 1402 665 1477 respectu,
681 1401 714 1456 et
728 1393 841 1460 dictum
855 1394 1006 1470 Danaum,
1027 1404 1062 1459 ut
1077 1404 1111 1459 et
1125 1416 1200 1479 gens
1216 1399 1326 1464 Danai.

37 1504 81 1564 roa
101 1503 178 1546 vero
200 1484 232 1547 in
253 1482 464 1564 Peloponneso
486 1484 638 1567 antiquior
660 1483 775 1565 Sparta
796 1485 869 1548 urbs
892 1490 942 1548 est
958 1492 993 1548 et
1007 1485 1211 1568 Peloponnesi
1225 1487 1324 1551 medi-

37 1574 104 1659 inm.
135 1572 345 1638 communiter
358 1573 486 1636 Danaus
500 1581 550 1636 est
565 1573 698 1637 decimus
721 1572 760 1636 ab
774 1573 888 1637 Inacho
903 1573 935 1637 in
951 1575 1092 1657 catalogo
1108 1594 1213 1657 regum
1227 1577 1325 1658 Argi-

37 1683 97 1738 um,
120 1662 191 1725 aliis
214 1663 368 1744 septimus.
406 1660 497 1729 Anne
512 1663 615 1744 potius
630 1663 780 1738 dicamus,
801 1661 1069 1733 Armainmissum
1089 1665 1330 1729 aPheenicibus

39 1752 208 1834 Aegyptiis
222 1752 254 1814 in
269 1751 519 1833 Peloponnesum,
535 1752 683 1817 coloniam
699 1770 793 1826 suam,
806 1758 842 1816 ut
857 1758 941 1815 esset
950 1753 1030 1829 Dan,
1045 1753 1077 1817 id
1099 1761 1151 1818 est
1165 1754 1261 1834 judex
1276 1755 1326 1818 vel

37 1843 180 1923 gistratus
201 1842 328 1905 illorum.
373 1839 526 1924 Credibile
547 1841 640 1904 etiam
663 1847 725 1916 est,
748 1838 890 1905 Sidonios
912 1850 945 1905 et
965 1842 1135 1907 Phoenices
1158 1843 1324 1926 irruptione

37 1933 189 1995 solitarum
204 1930 468 1995 numerosissimae
483 1931 686 1994 multitudinis
699 1930 730 1993 in
746 1938 908 2012 angustum
923 1932 990 2013 agri
1006 1933 1138 2014 spatium
1153 1934 1323 2008 conclusos,
1383 1942 1393 1955 ‘

37 2021 165 2084 essitate
181 2040 249 2084 esse
265 2021 393 2084 adactos
408 2020 448 2087 ed
463 2019 655 2085 deducendas
670 2020 701 2083 in
718 2018 881 2084 Graeciam
892 2021 1048 2096 colonias,
1070 2040 1148 2104 quae
1163 2029 1228 2085 tum
1242 2029 1323 2085 tem-

37 2111 59 2173 is
74 2110 211 2173 nondum
225 2110 456 2190 eretpopulosa
480 2111 560 2174 Nam
576 2111 682 2173 eadem
697 2110 734 2172 de
750 2128 843 2172 causa
851 2110 999 2187 Maurusii
1014 2130 1053 2173 ex
1061 2111 1213 2175 Phoenice
1228 2131 1324 2174 vene-

37 2201 93 2263 tiu
106 2199 263 2275 Africam,
284 2198 393 2264 testati
408 2207 522 2262 sortem
537 2219 622 2263 snam
637 2199 832 2279 inscriptione
853 2199 925 2262 hac:
952 2199 1036 2274 „Nos
1052 2220 1154 2264 sumus
1168 2200 1333 2276 lllaurusii,¹

39 2310 53 2351 a
68 2289 189 2370 fugavit
202 2287 424 2352 JcsuaLatro“
443 2282 612 2370 (Psocop.).
642 2287 695 2353 Sic
710 2288 803 2352 etiam
816 2288 892 2351 illud
906 2289 973 2352 veri·
986 2309 1047 2353 uon
1061 2288 1208 2366 absimile,
1223 2291 1324 2354 Daui-

37 2398 77 2441 rm
92 2378 258 2442 nonnullos
277 2397 315 2440 ex
329 2377 474 2459 Aegypto
489 2398 549 2441 uon
565 2377 857 2458 exspectata‘Mosis
880 2384 984 2440 aetate
1007 2380 1195 2459 eruptionem
1216 2381 1325 2443 secisse

37 2468 116 2542 rbus,
131 2475 168 2530 ut
183 2467 334 2530 aerumnis
349 2466 558 2530 liberarentur.
594 2466 669 2540 Aut,
685 2467 756 2548 quid
771 2467 797 2528 si
812 2468 1014 2531 remanserint
1029 2487 1132 2531 eorum
1147 2469 1239 2550 aliqui
1253 2464 1327 2550 p'ost

37 2566 94 2620 tum
108 2558 215 2639 populi
229 2555 400 2630 israelitici,
416 2557 614 2638 reposcamus
630 2554 821 2638 eergypto
838 2556 969 2619 abierint
984 2557 1111 2620 navibus
1125 2556 1326 2632 Sidoniorum,
1344 2589 1346 2593 ·

52 2648 90 2710 iis
112 2655 149 2710 ut
169 2644 411 2727 negotiatoribus
432 2645 548 2709 venditi
569 2645 682 2709 fuerint
702 2645 740 2707 ab
759 2643 939 2726 Aegyptiis,
960 2645 1142 2727 exportandi
1159 2646 1197 2709 cb
1212 2647 1326 2710 redun-

37 2745 102 2799 tem
116 2734 361 2800 multitudinem?
467 2779 473 2789 „
1212 2769 1214 2774 ·
1398 2739 1400 2746 ’

67 2827 107 2891 Α.
123 2826 180 2890 Cla
198 2824 272 2888 285.
303 2821 411 2887 Graec
428 2818 479 2886 27.
508 2823 702 2888 Ptolemaeus
710 2823 929 2906 Philadelphus
943 2843 998 2886 rex
1008 2823 1147 2905 Aegypti
1161 2841 1217 2905 per
1232 2842 1328 2885 annos
1395 2877 1397 2889 .

61 2916 149 2980 Ante
171 2916 231 2978 hoc
253 2920 372 2995 tempus
390 2913 530 2994 privatus
545 2913 693 2977 Demetrii
718 2912 859 2979 Phalerei
881 2912 1094 2976 consiliousus
1116 2913 1174 2976 luit
1192 2912 1225 2975 in
1241 2912 1328 2975 colli·

37 3006 79 3067 da
93 3004 282 3067 bibliotheca
304 2998 578 3084 praestantissima
614 3002 698 3066 Auni
713 3002 792 3065 enim
813 3003 855 3065 22
877 3002 927 3065 hic
938 3003 1005 3082 jam
1017 3009 1193 3076 vertuntur,
1216 3020 1255 3064 ex
1271 3020 1328 3083 qno

37 3095 148 3157 rlerens
164 3091 298 3157 Athenis
314 3091 429 3171 ejectus
445 3099 520 3167 erat,
535 3110 594 3174 quo
610 3098 676 3154 toto
692 3098 837 3172 tempore,
851 3091 1008 3172 Antigono
1024 3097 1113 3172 patre
1130 3091 1329 3155 etDemetrio

37 3206 42 3243 ι
56 3190 190 3265 postque
206 3181 276 3244 illos
291 3181 448 3262 Antigono
462 3189 574 3261 nepote
589 3180 765 3262 Pyrrhoque
787 3188 820 3243 et
833 3180 1015 3263 Lysimacho
1034 3199 1134 3243 rerum
1148 3180 1180 3242 iu
1197 3178 1331 3244 Graecia
1356 3252 1361 3257 g

37 3273 181 3347 ientibus,
203 3277 236 3333 et
251 3270 427 3335 Cassandro
436 3289 510 3333 cum
523 3270 594 3333 filiis
609 3269 770 3345 exstincte,
790 3264 958 3332 Phalereus
979 3270 1083 3351 procul
1099 3270 1188 3333 dubio
1210 3269 1332 3333 exilium

37 3363 183 3445 Aegypte
189 3360 317 3444 pertulit
332 3360 412 3442 apud
429 3359 595 3424 Cassandri
610 3359 765 3422 sororium.
795 3359 903 3441 Itaque
918 3359 992 3423 nihil
1007 3359 1131 3422 absurdi
1146 3360 1241 3423 habet
1254 3359 1330 3423 Ari-

37 3451 272 3526 scammatis,
293 3449 474 3514 Phalereum
497 3450 537 3512 ad
550 3448 782 3529 Philadelphum
803 3467 906 3529 regem
928 3449 1086 3529 scripsisse
1109 3467 1200 3530 super
1221 3450 1330 3512 tradu-
1362 3497 1364 3501 .

37 3543 89 3605 ldis
114 3541 215 3605 sacris
237 3539 395 3620 scripturis
416 3539 448 3601 in
465 3538 617 3602 Graecam
638 3538 785 3618 linguam:
816 3539 842 3600 si
864 3538 895 3600 id
915 3538 1029 3601 factum
1051 3558 1119 3602 esse
1142 3538 1277 3603 dicamus
1299 3540 1341 3605 in„

37 3632 129 3714 scipio
152 3631 238 3712 regui
260 3628 467 3710 Philadelphi,
494 3635 583 3709 patre
612 3645 684 3708 rege
710 3626 872 3689 etiamnum
897 3629 1070 3708 superstite.
1115 3628 1166 3691 Ita
1190 3635 1332 3693 tenentur

37 3741 144 3796 naeus,
166 3719 323 3794 Clemens,
343 3718 507 3783 Anatolius
523 3725 556 3780 et
570 3717 766 3781 Aristobulus
780 3716 932 3792 Judaeus,
954 3736 1029 3799 quos
1045 3718 1161 3799 allegat
1176 3717 1331 3798 Scaliger:

37 3812 148 3874 imadv.
163 3811 195 3872 in
209 3808 374 3872 Eusebium
389 3809 408 3870 s.
427 3807 498 3870 123.
534 3806 715 3871 Procuravit
730 3805 839 3887 quippe
860 3808 918 3870 hoc
932 3807 1100 3872 Phalereus
1125 3807 1181 3870 sub
1203 3813 1332 3889 utroque

37 3921 65 3976 fe,
81 3901 144 3964 etsi
159 3906 334 3981 susceptum
349 3898 503 3980 negotium
519 3897 645 3978 denique
661 3895 716 3958 sub
731 3895 940 3978 Philadelpho.

71 3990 123 4055 Ab
139 3989 198 4052 hoc
214 4007 293 4051 anno
309 3988 465 4068 consurgit
480 3987 573 4050 etiam
588 4005 661 4048 aera
681 3985 854 4066 Dionysii
873 3986 1097 4060 mathematici,
1119 4004 1209 4067 quam
1223 3985 1332 4048 Ptole-
1363 4019 1367 4038 ι

37 4099 88 4143 eus
104 4086 299 4142 astronomus
315 4077 438 4160 allegat
461 4077 522 4140 Per
536 4076 625 4156 hujus
641 4074 722 4138 euim
736 4094 825 4138 aerae
834 4094 975 4138 numeros
984 4074 1150 4157 Dionysius
1161 4074 1334 4156 digesserat

37 4169 217 4275 errationes
237 4168 437 4249 planetarum.
473 4166 520 4231 At
535 4164 675 4246 Scaliger
688 4164 800 4227 infelici
816 4165 975 4246 diligentia
988 4172 1094 4246 putat,
1117 4164 1210 4228 fuisse
1229 4183 1333 4227 aeram
1377 4217 1381 4226 ,
1474 4170 1477 4183 “

37 4267 165 4414 ruffio
193 4346 266 4412 283.
303 4345 497 4409 Ptolemaeus
519 4343 612 4409 Soter
632 4345 767 4408 momtnr.
806 4343 844 4406 D.
864 4343 1048 4417 Phalereus,
1073 4342 1188 4423 apertis
1214 4343 1333 4407 scriniis

37 4440 63 4502 is
77 4436 208 4511 mortui,
222 4435 414 4517 Philadelphi
430 4435 530 4498 odium
543 4435 678 4509 incurrit,
694 4433 825 4498 detectis
841 4453 869 4494 u.
886 4432 1027 4507 consiliis,
1043 4451 1120 4514 quae
1143 4431 1208 4512 regi
1223 4433 1332 4496 Ptole-

37 4549 68 4593 eo
83 4533 198 4592 contra
212 4525 313 4600 filium,
324 4525 390 4605 jam
405 4544 483 4587 nuuc
498 4543 615 4605 regem,
637 4523 895 4606 suppeditaverat
910 4568 911 4571 ,
931 4521 1042 4584 Potest
1061 4521 1120 4583 hoc
1136 4521 1229 4584 etiam
1244 4518 1334 4605 louge
1409 4519 1411 4523 ’

37 4619 135 4683 terium
167 4611 342 4679 accidisse
370 4614 437 4678 Aut
457 4614 642 4689 Phalereus,
671 4632 750 4676 novo
771 4613 854 4675 facto
876 4609 989 4673 veteris
1011 4612 1144 4673 offensae
1158 4612 1334 4677 memoriam

37 4707 188 4790 ladelpho
212 4704 419 4780 revocaverit,
441 4704 520 4767 unde
536 4705 666 4778 sactum,
687 4708 724 4765 ut
745 4701 901 4768 custodim
923 4698 1096 4764 traderetur
1118 4700 1218 4784 ibique
1232 4718 1335 4767 morsu

37 4799 96 4864 ldis
110 4793 269 4862 interiret
297 4794 378 4858 Nam
392 4793 420 4856 si
434 4793 591 4875 probabile
607 4792 728 4857 videtur
743 4789 910 4872 Scaligero,
925 4791 975 4853 tot
990 4797 1132 4854 auctores
1147 4810 1215 4856 esse
1230 4791 1337 4874 lapsos
