3134 5482
545 230 653 293 Eciogae
678 229 823 278 Chronicce.
1279 233 1340 289 383

38 403 91 467 Dic
109 407 259 485 namque,
281 424 365 486 quae
386 406 509 471 course?
531 405 558 467 si
573 425 658 485 quse
681 403 823 488 objecisti
834 404 866 467 in
879 423 976 467 66666
995 408 1081 480 6661,
1104 403 1159 468 ilie
1171 424 1228 483 ego
1246 404 1340 468 dilui:

39 492 79 555 sio
102 497 274 576 praeterea
299 493 380 574 quid
407 492 520 572 habes,
549 513 702 577 propone,
753 493 846 556 Nosti
872 493 1071 575 propositum
1097 493 1342 576 disputantium,

43 581 302 662 conquiescunt,
336 581 445 663 quoad
472 602 537 646 666
565 581 598 644 16
626 601 725 664 unam
757 582 949 645 sententiam
984 580 1183 645 convenient.
1226 583 1342 664 ltaque

44 670 215 752 quantisper
236 669 355 734 habere
377 676 412 735 te
433 670 567 734 simulas
589 669 700 753 plura,
730 669 840 751 quiete
862 689 912 733 mc
935 669 1058 753 prives:
1088 670 1182 753 cupio
1205 671 1287 748 enirn
1310 677 1344 733 et
1419 716 1420 719 ,

44 757 85 822 illa
103 758 202 837 scire3
231 758 281 823 sin
304 764 413 824 autem
435 756 496 824 hoc
517 758 610 836 dicis,
634 759 759 827 etiamsi
786 765 914 822 centum
936 757 1116 822 afferantur
1142 765 1342 840 argumenta,

44 845 140 926 quibus
163 846 296 929 Josepbi
318 845 451 913 traditio
475 847 515 912 de
537 853 642 911 morte
665 847 802 911 Herodis
825 852 858 911 61
879 846 1036 911 similibus
1062 845 1244 911 inueniatur
1266 870 1340 932 pro·

45 933 204 998 latissimis
219 935 380 1001 historicis
408 935 542 1001 ethnicis
570 956 726 1000 consona:
753 934 851 1000 malle
873 942 906 999 te
928 942 1037 1000 tamen
1059 940 1093 998 et
1113 935 1288 1019 Josephum
1310 941 1343 1000 et

43 1021 192 1088 historiens
226 1043 335 1089 omnes
368 1024 555 1089 insimulare
589 1025 723 1102 erroris,
758 1045 855 1105 quam
889 1045 909 1088 a
941 1023 1087 1107 praeciso
1120 1024 1344 1105 Evangelistae

42 1130 157 1177 numero
180 1111 356 1192 discedere,
371 1113 439 1177 hoc
460 1112 699 1195 inqusmsiris,
722 1113 871 1194 equidem
893 1113 1106 1195 acquiescam,
1129 1112 1223 1177 modo
1234 1114 1343 1190 661666,

41 1198 85 1263 tibi
110 1205 285 1284 praeterea
313 1198 439 1265 nulium
465 1207 638 1285 suppetere
664 1207 889 1283 argumentum
916 1222 954 1265 ex
976 1201 1136 1265 historicis
1165 1207 1262 1283 teque
1285 1202 1345 1266 hoc
1404 1237 1410 1251 ι

40 1307 89 1353 166
109 1294 301 1371 argumento
324 1290 393 1356 niti.
435 1290 528 1355 Tunc,
547 1291 631 1354 enim
653 1290 851 1363 intertisam
874 1289 1056 1373 opinionem
1079 1288 1160 1371 (cicer
1179 1293 1342 1372 rqiero-nc,v

37 1396 94 1440 6666
115 1377 199 1441 iere
221 1379 355 1459 triginta
377 1378 565 1462 completos)
590 1384 622 1443 et
643 1379 728 1442 inter
752 1399 859 1461 *meam
882 1377 963 1457 (deo
985 1404 1153 1460 corceone,
1178 1398 1246 1442 esse
1269 1380 1341 1443 cir·

25 1465 126 1529 citer
147 1466 282 1548 triginta
302 1476 462 1551 posseque
477 1487 547 1531 esse
562 1466 750 1552 praecisiori
772 1467 994 1533 numeratione
1005 1467 1138 1547 triginta
1149 1467 1242 1546 tres),
1265 1468 1344 1532 haee

33 1553 120 1633 iuter,
143 1554 287 1636 inquam,
308 1556 434 1620 nullum
455 1577 553 1640 porro
574 1555 716 1620 medium
738 1555 812 1619 erit.

109 1643 262 1708 Fortasse
284 1644 343 1708 tibi
366 1666 430 1710 non
454 1645 516 1708 erit
536 1645 662 1709 inutilis
683 1644 863 1729 occupatio,
881 1643 942 1725 qui
954 1644 1171 1725 recoquistua
1183 1650 1345 1727 tempore,

29 1736 115 1795 6161
138 1731 199 1796 hoc
219 1731 274 1798 filo
297 1754 430 1817 pergam
459 1732 610 1814 obsecro,
634 1739 676 1802 ut
698 1733 812 1797 creber
834 1732 885 1796 hic
907 1733 996 1815 apud
1017 1738 1050 1796 te
1073 1754 1141 1798 mos
1163 1734 1220 1813 sit,
1242 1754 1342 1798 enno·

26 1820 114 1884 tendi
136 1820 180 1885 ad
202 1820 345 1903 singrdos
364 1842 480 1901 annos,
502 1822 581 1904 quid
597 1819 638 1886 de
653 1822 693 1886 iis
715 1820 852 1904 quilibet
873 1826 988 1885 auctor
1009 1821 1131 1900 tradet,
1154 1842 1209 1886 seu
1234 1842 1345 1898 errans

24 1928 77 1971 seu
99 1929 176 1975 666.
216 1908 316 1975 Verbi
338 1911 446 1992 gretia
475 1910 517 1976 ad
539 1931 661 1975 annum
683 1910 848 1975 Julianum
871 1915 924 1973 73.
947 1909 1164 1974 adscriberem
1194 1931 1251 1991 ego
1281 1911 1344 1973 sic:

24 1997 81 2060 Hic
103 2003 155 2061 est
184 1998 406 2080 quindecimus
432 1998 552 2065 'liberii
579 1999 746 2077 inclusive,
773 2018 831 2062 seu
858 1997 928 2063 hoc
946 2004 997 2062 est
1024 1998 1261 2080 quindecimum
1284 2021 1347 2082 par

24 2086 193 2150 consulum
214 2086 369 2152 inclusive
390 2088 433 2154 sb
444 2088 483 2153 iis
496 2089 596 2165 Coss,
618 2105 757 2170 quorum
773 2107 858 2151 anno
870 2086 1018 2153 Tiberius
1033 2086 1106 2153 iniit
1116 2087 1344 2172 principatum.

22 2174 70 2239 hd
91 2195 217 2239 annum
238 2183 293 2241 42.
309 2177 378 2241 sic:
401 2178 462 2243 Hic
484 2183 534 2241 est
555 2177 647 2258 regni
666 2176 804 2242 Herodis
828 2181 888 2254 37,
904 2175 931 2239 si
953 2176 1095 2262 primum
1117 2197 1190 2241 cum
1213 2189 1263 2259 pr.'
1276 2175 1345 2242 Cal.

20 2263 91 2330 er.
116 2262 226 2344 finias,
249 2262 388 2349 616666
412 2271 464 2333 37.
487 2265 646 2349 ,16666666
673 2266 720 2330 611
744 2264 906 2331 Herodem
933 2270 1106 2329 mortuum.
1150 2266 1202 2330 Ad
1225 2286 1346 2329 annum
1404 2272 1407 2279 '

22 2358 74 2419 43.
97 2350 273 2423 sulianum
296 2354 530 2419 adscriberem:
558 2353 674 2419 abhinc
703 2353 745 2418 ed
775 2360 826 2419 15.
855 2352 975 2419 Tiberii
1001 2359 1078 2417 sunt
1102 2358 1142 2418 30
1173 2348 1267 2433 aimi3
1295 2354 1347 2419 hic

23 2461 98 2522 ergo
120 2441 300 2525 secundum
321 2443 503 2527 praecisum
524 2442 749 2524 Evangelistae
771 2461 941 2506 numerum
964 2440 1111 2507 Christus
1134 2455 1218 2508 66661
1240 2449 1347 2507 natiue.

107 2530 287 2615 Epistola
320 2530 359 2597 V.
399 2531 539 2616 Sethcs
579 2531 774 2599 Calvisius
814 2531 947 2597 dean·
975 2529 1176 2615 Keplero
1209 2531 1346 2596 salutem

22 2617 87 2696 (28.
111 2618 275 2702 Septemb.
292 2619 413 2702 «1667).
918 2664 920 2668 -

99 2732 146 2786 Ad
167 2730 299 2786 chronica
319 2734 392 2803 quod
413 2730 523 2791 attinet.
544 2729 605 2784 ideo
626 2729 700 2785 nolui
721 2730 859 2801 quippiam
880 2729 995 2799 amplius
1016 2730 1242 2791 6666666616
1259 2733 1345 2785 offon-

22 2811 128 2872 derem·
144 2810 245 2864 rideris
265 2812 337 2866 euim
356 2812 423 2865 mibi
443 2811 497 2864 rim
517 2811 610 2864 iecere
630 2812 751 2880 Josepho
771 2811 826 2864 tuis
846 2810 1084 2879 explicationibus
1106 2811 1176 2870 Nam
1190 2818 1346 2865 61166166

22 2891 55 2942 rie
78 2890 191 2943 Nerone
216 2890 243 2944 in
269 2892 378 2947 Achaia
403 2890 505 2945 dicam:
535 2892 608 2945 Nero
633 2891 772 2959 proiectus
798 2897 842 2943 est
866 2907 899 2943 eo
925 2891 960 2943 ed
987 2893 1120 2943 certando
1140 2891 1281 2960 Olympie3
1312 2907 1348 2943 ec

22 2974 112 3025 actem
133 2971 292 3039 agebantur
312 2988 405 3027 mense
424 2976 560 3040 Augusto.
600 2971 678 3041 Ergo
693 2977 758 3025 cute
772 2970 875 3024 iulium
889 2986 1009 3024 mensem
1023 2988 1056 3023 eo
1071 2969 1211 3039 proiectus
1225 2988 1278 3024 non
1294 2978 1345 3023 est.

106 3061 385 3145 Epistoio‘vl.
429 3063 539 3129 Joan.
581 3062 774 3147 Kepierus
815 3061 932 3127 Setbo
986 3061 1156 3128 Caluisio
1209 3061 1348 3128 salutem

27 3148 407 3232 (16.Ν666661).1601).
534 3173 536 3178 ·
839 3170 842 3173 ’
1218 3153 1222 3162 '

108 3240 159 3305 De
181 3239 340 3306 chronicis
361 3240 480 3309 mirum
502 3239 600 3322 qusle
623 3237 809 3319 exordium
830 3238 971 3306 noluisse
989 3238 1069 3321 quid
1089 3260 1187 3323 porro
1209 3255 1348 3319 6666666,

20 3347 134 3392 neme
157 3326 348 3409 offenderes,
371 3329 435 3395 imo
457 3328 609 3413 hocsipso
632 3328 805 3408 offendisti,
828 3334 861 3392 et
882 3327 969 3392 nihil.
985 3348 1114 3393 movens
1136 3334 1208 3395 tum
1230 3332 1349 3413 etjam

18 3414 99 3479 lusce
124 3416 303 3500 praefatus.
348 3420 398 3485 Fur
424 3418 541 3487 attritu
571 3418 673 3499 ignis,
703 3438 742 3481 ex
770 3417 988 3501 disputatione
1020 3416 1149 3482 veritas.
1202 3417 1350 3505 Olympia

17 3503 107 3569 Juiio
140 3512 339 3590 competunt.
384 3508 428 3576 Et
454 3526 565 3571 censes
587 3513 641 3584 16,
675 3506 810 3573 militari
844 3505 1052 3590 expeditione.
1075 3508 1166 3590 juste
1199 3512 1350 3590 suscepta

16 3593 205 3673 pudendam
231 3615 253 3659 6
280 3596 412 3661 Nerone
438 3614 572 3666 causam
598 3615 668 3659 6666
696 3594 882 3662 detectam?
924 3592 1055 3659 Differri
1078 3594 1176 3680 jussit
1202 3594 1350 3679 Olympia

17 3679 56 3744 iu
76 3703 173 3747 suum
195 3683 388 3767 adrentum,
414 3694 512 3767 quem
535 3704 575 3747 ex
603 3704 665 3748 usu
693 3683 775 3766 reip.
798 3682 945 3749 futurum
974 3682 1062 3748 credi
1090 3683 1205 3762 voluit,
1229 3683 1349 3767 quippe

17 3767 202 3854 imperetor
224 3777 257 3836 61
279 3775 364 3839 tunc
386 3774 419 3840 in
442 3772 551 3837 limine
576 3772 713 3857 projecti
740 3771 886 3855 pudoris.
931 3770 965 3836 Si
987 3770 1085 3853 igitur
1100 3778 1225 3855 'aperte
1248 3792 1282 3835 66
1306 3771 1349 3836 sd
1374 3846 1375 3856 χ

22 3858 174 3944 (liympis
195 3860 356 3945 proficisci
376 3863 482 3929 lassus
505 3866 600 3940 esset,
622 3861 761 3951 tempori
784 3860 948 3945 proiectus
972 3866 1066 3938 66661,
1089 3880 1149 3924 666
1172 3859 1350 3924 distulisset

18 3943 57 4010 in
78 3948 180 4014 alium
201 3971 335 4015 annum.
381 3950 528 4018 Vicissim
551 3933 579 4013 si
601 3971 722 4015 annum
748 3969 813 4015 666
836 3947 943 4013 166611
966 3948 1201 4032 Olympiorum,
1228 3948 1350 4014 srustra

16 4038 60 4100 tu
79 4037 119 4102 de
142 4058 253 4102 mense
275 4041 449 4122 argutaris.
483 4038 566 4103 Tum
588 4039 616 4102 s'i
638 4038 799 4104 obtineres
822 4057 981 4101 mensem:
1004 4057 1089 4120 quae
1110 4037 1349 4120 consequentia,

18 4141 87 4190 non
107 4127 270 4197 maturius
293 4127 509 4197 adventasse?

99 4236 277 4291 Calvisius
299 4240 388 4310 (Epist
407 4243 465 4306 V.):
486 4239 524 4293 Et
537 4254 609 4310 quae
625 4237 775 4292 6666661166
790 4237 852 4300 erit,
867 4236 1060 4306 imperatorem
1074 4237 1221 4291 delicatum
1234 4237 1349 4291 hiberno

16 4316 141 4385 tempere
161 4318 316 4388 navigaret
647 4386 651 4393 ἱ
675 4324 679 4330 “
722 4366 725 4371 .
842 4373 846 4383 ,

108 4408 306 4493 Keplcrus
329 4416 504 4486 (spiram
528 4409 577 4474 De
599 4407 734 4489 hiberno
756 4402 972 4493 navigationis
995 4404 1141 4493 tempore
1162 4409 1351 4493 scrupulum

16 4506 173 4576 moveres,
202 4497 230 4563 si
258 4498 292 4562 in
320 4498 445 4581 Syriam
477 4497 594 4563 fuisset
618 4498 837 4582 navigandum
861 4498 981 4584 autin
1005 4501 1213 4600 Aegyptum*
1232 4500 1260 4563 si
1285 4518 1370 4563 666-

16 4575 189 4673 }ac'uliimus
217 4593 304 4650 esset
331 4591 487 4672 trajectus
515 4608 555 4651 ex
566 4587 709 4671 iapygia
730 4594 762 4652 et
785 4586 970 4651 Brundusio
993 4587 1027 4650 in
1049 4589 1185 4672 Epirum
1210 4587 1350 4669 indeque

20 4673 91 4731 lter
108 4678 275 4751 terrestre;
299 4676 327 4738 si
343 4698 407 4739 non
422 4676 524 4740 tutior
539 4677 701 4758 navigatio
717 4676 885 4753 16666616,
903 4694 1000 4757 quam
1016 4676 1121 4741 sidere
1144 4676 1349 4759 aequinoctii.

22 4755 127 4838 Atque
149 4783 189 4827 en
212 4770 251 4826 tu
274 4764 344 4847 ipse
366 4763 456 4843 (11616,
479 4765 640 4829 Neronem
663 4764 799 4830 rediisse
821 4764 854 4826 in
870 4763 998 4828 ltaliam
1014 4787 1100 4831 6666
1120 4766 1349 4832 1161666616.
