<?xml version="1.0" encoding="UTF-8"?>
<!DOCTYPE html PUBLIC "-//W3C//DTD XHTML 1.0 Transitional//EN"
    "http://www.w3.org/TR/xhtml1/DTD/xhtml1-transitional.dtd">
<html xmlns="http://www.w3.org/1999/xhtml" xml:lang="en" lang="en">
 <head>
  <title>
</title>
<meta http-equiv="Content-Type" content="text/html;charset=utf-8" />
  <meta name='ocr-system' content='tesseract 3.04.00' />
  <meta name='ocr-capabilities' content='ocr_page ocr_carea ocr_par ocr_line ocrx_word'/>
</head>
<body>
  <div class='ocr_page' id='page_1' title='image "./joanniskepleria13frisgoog_0659.png"; bbox 0 0 3150 5482; ppageno 0'>
   <div class='ocr_carea' id='block_1_1' title="bbox 208 201 949 268">
    <p class='ocr_par' dir='ltr' id='par_1_1' title="bbox 208 201 949 268">
     <span class='ocr_line' id='line_1_1' title="bbox 208 201 949 268; baseline -0.02 0"><span class='ocrx_word' id='word_1_1' title='bbox 208 204 271 268; x_wconf 84' lang='grc'><strong>646</strong></span> <span class='ocrx_word' id='word_1_2' title='bbox 777 201 863 252; x_wconf 83' lang='lat' dir='ltr'><strong>Tertia</strong></span> <span class='ocrx_word' id='word_1_3' title='bbox 880 201 949 253; x_wconf 85' lang='lat' dir='ltr'><strong>Pars.</strong></span> 
     </span>
    </p>
   </div>
   <div class='ocr_carea' id='block_1_2' title="bbox 205 378 1523 1332">
    <p class='ocr_par' dir='ltr' id='par_1_2' title="bbox 205 378 1517 692">
     <span class='ocr_line' id='line_1_2' title="bbox 207 378 1514 452; baseline -0.002 -13"><span class='ocrx_word' id='word_1_4' title='bbox 207 385 405 439; x_wconf 85' lang='lat' dir='ltr'><strong>exhaustarum</strong></span> <span class='ocrx_word' id='word_1_5' title='bbox 425 397 619 437; x_wconf 84' lang='lat' dir='ltr'><strong>mensurarum.</strong></span> <span class='ocrx_word' id='word_1_6' title='bbox 660 378 689 436; x_wconf 90' lang='lat' dir='ltr'><strong>Si</strong></span> <span class='ocrx_word' id='word_1_7' title='bbox 709 397 759 450; x_wconf 87' lang='lat' dir='ltr'><strong>per</strong></span> <span class='ocrx_word' id='word_1_8' title='bbox 779 381 926 452; x_wconf 81' lang='lat' dir='ltr'><strong>simplicem</strong></span> <span class='ocrx_word' id='word_1_9' title='bbox 952 379 1124 437; x_wconf 72' lang='lat' dir='ltr'><strong>altitudinem</strong></span> <span class='ocrx_word' id='word_1_10' title='bbox 1145 381 1285 452; x_wconf 71' lang='lat' dir='ltr'><strong>segmenti</strong></span> <span class='ocrx_word' id='word_1_11' title='bbox 1308 379 1470 450; x_wconf 83' lang='lat' dir='ltr'><strong>operareris.</strong></span> <span class='ocrx_word' id='word_1_12' title='bbox 1487 399 1514 436; x_wconf 79' lang='lat' dir='ltr'><strong>er</strong></span> 
     </span>
     <span class='ocr_line' id='line_1_3' title="bbox 205 461 1516 531; baseline 0 -15"><span class='ocrx_word' id='word_1_13' title='bbox 205 464 303 518; x_wconf 87' lang='lat' dir='ltr'><strong>fuisset</strong></span> <span class='ocrx_word' id='word_1_14' title='bbox 327 481 381 517; x_wconf 92' lang='lat' dir='ltr'><strong>non</strong></span> <span class='ocrx_word' id='word_1_15' title='bbox 409 462 454 525; x_wconf 85' lang='grc'><strong>74,</strong></span> <span class='ocrx_word' id='word_1_16' title='bbox 480 464 528 516; x_wconf 87' lang='lat' dir='ltr'><strong>sed</strong></span> <span class='ocrx_word' id='word_1_17' title='bbox 554 463 605 525; x_wconf 90' lang='grc'><strong>66,</strong></span> <span class='ocrx_word' id='word_1_18' title='bbox 635 461 768 531; x_wconf 75' lang='lat' dir='ltr'>segmenti</span> <span class='ocrx_word' id='word_1_19' title='bbox 792 463 915 515; x_wconf 72' lang='lat' dir='ltr'><strong>soliditas</strong></span> <span class='ocrx_word' id='word_1_20' title='bbox 941 461 1046 525; x_wconf 82' lang='grc'>76312,</span> <span class='ocrx_word' id='word_1_21' title='bbox 1073 461 1225 516; x_wconf 79' lang='lat' dir='ltr'><strong>deficientis</strong></span> <span class='ocrx_word' id='word_1_22' title='bbox 1245 479 1314 516; x_wconf 85' lang='lat' dir='ltr'><strong>vero</strong></span> <span class='ocrx_word' id='word_1_23' title='bbox 1335 462 1421 530; x_wconf 87' lang='lat' dir='ltr'><strong>apicis</strong></span> <span class='ocrx_word' id='word_1_24' title='bbox 1442 463 1516 523; x_wconf 74' lang='lat' dir='ltr'><strong>solt,</strong></span> 
     </span>
     <span class='ocr_line' id='line_1_4' title="bbox 206 541 1517 612; baseline -0.002 -15"><span class='ocrx_word' id='word_1_25' title='bbox 206 544 328 598; x_wconf 72' lang='lat' dir='ltr'><strong>soliditas</strong></span> <span class='ocrx_word' id='word_1_26' title='bbox 354 558 421 612; x_wconf 83' lang='lat' dir='ltr'><strong>ergo</strong></span> <span class='ocrx_word' id='word_1_27' title='bbox 448 541 584 611; x_wconf 75' lang='lat' dir='ltr'><strong>segmenti</strong></span> <span class='ocrx_word' id='word_1_28' title='bbox 613 543 648 596; x_wconf 91' lang='lat' dir='ltr'><strong>de</strong></span> <span class='ocrx_word' id='word_1_29' title='bbox 675 549 771 595; x_wconf 87' lang='lat' dir='ltr'><strong>trunco</strong></span> <span class='ocrx_word' id='word_1_30' title='bbox 802 541 907 603; x_wconf 82' lang='grc'>71672,</span> <span class='ocrx_word' id='word_1_31' title='bbox 934 547 1010 593; x_wconf 87' lang='lat' dir='ltr'><strong>certo</strong></span> <span class='ocrx_word' id='word_1_32' title='bbox 1030 542 1118 596; x_wconf 84' lang='lat' dir='ltr'><strong>minor</strong></span> <span class='ocrx_word' id='word_1_33' title='bbox 1130 541 1221 611; x_wconf 83' lang='lat' dir='ltr'><strong>justo.</strong></span> <span class='ocrx_word' id='word_1_34' title='bbox 1261 543 1322 596; x_wconf 90' lang='lat' dir='ltr'><strong>Nos</strong></span> <span class='ocrx_word' id='word_1_35' title='bbox 1342 541 1439 612; x_wconf 78' lang='lat' dir='ltr'><strong>igitur,</strong></span> <span class='ocrx_word' id='word_1_36' title='bbox 1458 543 1517 612; x_wconf 85' lang='lat' dir='ltr'><strong>quod</strong></span> 
     </span>
     <span class='ocr_line' id='line_1_5' title="bbox 206 613 942 692; baseline -0.003 -15"><span class='ocrx_word' id='word_1_37' title='bbox 206 623 250 677; x_wconf 90' lang='lat' dir='ltr'><strong>bic</strong></span> <span class='ocrx_word' id='word_1_38' title='bbox 270 622 357 692; x_wconf 86' lang='lat' dir='ltr'><strong>mqjus</strong></span> <span class='ocrx_word' id='word_1_39' title='bbox 378 622 535 684; x_wconf 82' lang='lat' dir='ltr'><strong>invenimus,</strong></span> <span class='ocrx_word' id='word_1_40' title='bbox 556 637 605 690; x_wconf 90' lang='lat' dir='ltr'><strong>pro</strong></span> <span class='ocrx_word' id='word_1_41' title='bbox 625 638 691 675; x_wconf 77' lang='lat' dir='ltr'><strong>vero</strong></span> <span class='ocrx_word' id='word_1_42' title='bbox 712 613 942 691; x_wconf 83' lang='lat' dir='ltr'><strong>amplectimur.‘&#39;)</strong></span> 
     </span>
    </p>

    <p class='ocr_par' dir='ltr' id='par_1_3' title="bbox 205 708 1523 1332">
     <span class='ocr_line' id='line_1_6' title="bbox 294 708 1518 803; baseline -0.002 -24"><span class='ocrx_word' id='word_1_43' title='bbox 294 715 337 779; x_wconf 81' lang='lat' dir='ltr'><strong>At</strong></span> <span class='ocrx_word' id='word_1_44' title='bbox 358 715 439 779; x_wconf 88' lang='lat' dir='ltr'><strong>enim</strong></span> <span class='ocrx_word' id='word_1_45' title='bbox 461 713 802 797; x_wconf 81' lang='lat' dir='ltr'><strong>excipientApollonii,</strong></span> <span class='ocrx_word' id='word_1_46' title='bbox 825 734 866 776; x_wconf 88' lang='lat' dir='ltr'><strong>ne</strong></span> <span class='ocrx_word' id='word_1_47' title='bbox 888 712 932 776; x_wconf 88' lang='lat' dir='ltr'><strong>sic</strong></span> <span class='ocrx_word' id='word_1_48' title='bbox 954 708 1089 795; x_wconf 88' lang='lat' dir='ltr'><strong>quidem,</strong></span> <span class='ocrx_word' id='word_1_49' title='bbox 1113 711 1175 776; x_wconf 89' lang='lat' dir='ltr'><strong>hac</strong></span> <span class='ocrx_word' id='word_1_50' title='bbox 1197 711 1368 778; x_wconf 78' lang='lat' dir='ltr'><strong>soliditate</strong></span> <span class='ocrx_word' id='word_1_51' title='bbox 1389 734 1518 803; x_wconf 76' lang='lat' dir='ltr'><strong>segmen·</strong></span> 
     </span>
     <span class='ocr_line' id='line_1_7' title="bbox 206 801 1521 885; baseline -0.003 -16"><span class='ocrx_word' id='word_1_52' title='bbox 206 811 312 869; x_wconf 89' lang='lat' dir='ltr'><strong>torum</strong></span> <span class='ocrx_word' id='word_1_53' title='bbox 342 803 524 868; x_wconf 88' lang='lat' dir='ltr'><strong>conicorum</strong></span> <span class='ocrx_word' id='word_1_54' title='bbox 554 823 719 880; x_wconf 85' lang='lat' dir='ltr'><strong>concessa,</strong></span> <span class='ocrx_word' id='word_1_55' title='bbox 759 801 958 867; x_wconf 85' lang='lat' dir='ltr'><strong>satisfactum</strong></span> <span class='ocrx_word' id='word_1_56' title='bbox 989 801 1166 866; x_wconf 82' lang='lat' dir='ltr'><strong>diversitati</strong></span> <span class='ocrx_word' id='word_1_57' title='bbox 1196 803 1229 866; x_wconf 88' lang='lat' dir='ltr'><strong>in</strong></span> <span class='ocrx_word' id='word_1_58' title='bbox 1260 801 1376 882; x_wconf 82' lang='lat' dir='ltr'><strong>doliis3</strong></span> <span class='ocrx_word' id='word_1_59' title='bbox 1415 803 1521 885; x_wconf 88' lang='lat' dir='ltr'><strong>quippe</strong></span> 
     </span>
     <span class='ocr_line' id='line_1_8' title="bbox 205 889 1521 978; baseline -0.002 -21"><span class='ocrx_word' id='word_1_60' title='bbox 205 893 284 957; x_wconf 88' lang='lat' dir='ltr'><strong>haec</strong></span> <span class='ocrx_word' id='word_1_61' title='bbox 306 889 469 971; x_wconf 50' lang='lat' dir='ltr'><strong>soliditas.</strong></span> <span class='ocrx_word' id='word_1_62' title='bbox 485 910 573 978; x_wconf 13' lang='lat' dir='ltr'><strong>‘cum</strong></span> <span class='ocrx_word' id='word_1_63' title='bbox 597 912 635 956; x_wconf 88' lang='lat' dir='ltr'><strong>ex</strong></span> <span class='ocrx_word' id='word_1_64' title='bbox 657 892 753 955; x_wconf 91' lang='lat' dir='ltr'><strong>unius</strong></span> <span class='ocrx_word' id='word_1_65' title='bbox 775 889 897 955; x_wconf 83' lang='lat' dir='ltr'><strong>formae</strong></span> <span class='ocrx_word' id='word_1_66' title='bbox 927 897 1083 967; x_wconf 83' lang='lat' dir='ltr'><strong>metatore</strong></span> <span class='ocrx_word' id='word_1_67' title='bbox 1099 897 1337 974; x_wconf 76' lang='lat' dir='ltr'><strong>computetur,</strong></span> <span class='ocrx_word' id='word_1_68' title='bbox 1371 912 1438 956; x_wconf 89' lang='lat' dir='ltr'><strong>nou</strong></span> <span class='ocrx_word' id='word_1_69' title='bbox 1458 892 1521 974; x_wconf 90' lang='lat' dir='ltr'><strong>plus</strong></span> 
     </span>
     <span class='ocr_line' id='line_1_9' title="bbox 206 976 1522 1065; baseline -0.002 -19"><span class='ocrx_word' id='word_1_70' title='bbox 206 1003 305 1065; x_wconf 88' lang='lat' dir='ltr'><strong>quam</strong></span> <span class='ocrx_word' id='word_1_71' title='bbox 326 981 382 1045; x_wconf 90' lang='lat' dir='ltr'><strong>uni</strong></span> <span class='ocrx_word' id='word_1_72' title='bbox 400 979 521 1062; x_wconf 83' lang='lat' dir='ltr'><strong>figurae</strong></span> <span class='ocrx_word' id='word_1_73' title='bbox 543 980 701 1054; x_wconf 88' lang='lat' dir='ltr'><strong>doliorum</strong></span> <span class='ocrx_word' id='word_1_74' title='bbox 724 977 919 1063; x_wconf 80' lang='lat' dir='ltr'><strong>quadrabit?</strong></span> <span class='ocrx_word' id='word_1_75' title='bbox 942 976 1013 1044; x_wconf 88' lang='lat' dir='ltr'><strong>Seio</strong></span> <span class='ocrx_word' id='word_1_76' title='bbox 1036 979 1201 1061; x_wconf 88' lang='lat' dir='ltr'><strong>equidem:</strong></span> <span class='ocrx_word' id='word_1_77' title='bbox 1224 999 1331 1062; x_wconf 85' lang='lat' dir='ltr'><strong>quare</strong></span> <span class='ocrx_word' id='word_1_78' title='bbox 1353 987 1394 1044; x_wconf 88' lang='lat' dir='ltr'><strong>ut</strong></span> <span class='ocrx_word' id='word_1_79' title='bbox 1416 986 1449 1043; x_wconf 91' lang='lat' dir='ltr'><strong>et</strong></span> <span class='ocrx_word' id='word_1_80' title='bbox 1467 980 1522 1044; x_wconf 86' lang='lat' dir='ltr'><strong>illis</strong></span> 
     </span>
     <span class='ocr_line' id='line_1_10' title="bbox 206 1066 1523 1153; baseline -0.003 -18"><span class='ocrx_word' id='word_1_81' title='bbox 206 1069 417 1149; x_wconf 78' lang='lat' dir='ltr'><strong>satisfaciam,</strong></span> <span class='ocrx_word' id='word_1_82' title='bbox 450 1069 491 1132; x_wconf 91' lang='lat' dir='ltr'><strong>ad</strong></span> <span class='ocrx_word' id='word_1_83' title='bbox 521 1067 568 1133; x_wconf 90' lang='lat' dir='ltr'><strong>th.</strong></span> <span class='ocrx_word' id='word_1_84' title='bbox 596 1068 695 1134; x_wconf 87' lang='lat' dir='ltr'><strong>XXX.</strong></span> <span class='ocrx_word' id='word_1_85' title='bbox 725 1069 829 1153; x_wconf 86' lang='lat' dir='ltr'><strong>partis</strong></span> <span class='ocrx_word' id='word_1_86' title='bbox 851 1069 980 1150; x_wconf 81' lang='lat' dir='ltr'><strong>primae</strong></span> <span class='ocrx_word' id='word_1_87' title='bbox 1008 1067 1081 1132; x_wconf 91' lang='lat' dir='ltr'><strong>illos</strong></span> <span class='ocrx_word' id='word_1_88' title='bbox 1113 1066 1243 1150; x_wconf 82' lang='lat' dir='ltr'><strong>ablego,</strong></span> <span class='ocrx_word' id='word_1_89' title='bbox 1277 1068 1344 1133; x_wconf 91' lang='lat' dir='ltr'><strong>illic</strong></span> <span class='ocrx_word' id='word_1_90' title='bbox 1375 1069 1523 1132; x_wconf 88' lang='lat' dir='ltr'><strong>invenient</strong></span> 
     </span>
     <span class='ocr_line' id='line_1_11' title="bbox 206 1155 1522 1243; baseline 0 -21"><span class='ocrx_word' id='word_1_91' title='bbox 206 1157 388 1241; x_wconf 79' lang='lat' dir='ltr'><strong>(Apollonii,</strong></span> <span class='ocrx_word' id='word_1_92' title='bbox 412 1157 553 1240; x_wconf 81' lang='lat' dir='ltr'><strong>inquam,</strong></span> <span class='ocrx_word' id='word_1_93' title='bbox 576 1162 765 1240; x_wconf 83' lang='lat' dir='ltr'><strong>quaerentes</strong></span> <span class='ocrx_word' id='word_1_94' title='bbox 780 1156 966 1239; x_wconf 84' lang='lat' dir='ltr'><strong>invenient),</strong></span> <span class='ocrx_word' id='word_1_95' title='bbox 990 1156 1074 1221; x_wconf 89' lang='lat' dir='ltr'><strong>unde</strong></span> <span class='ocrx_word' id='word_1_96' title='bbox 1091 1158 1275 1240; x_wconf 66' lang='lat' dir='ltr'><strong>suppleant,</strong></span> <span class='ocrx_word' id='word_1_97' title='bbox 1299 1155 1391 1243; x_wconf 91' lang='lat' dir='ltr'><strong>quod</strong></span> <span class='ocrx_word' id='word_1_98' title='bbox 1410 1159 1522 1223; x_wconf 70' lang='grc'>1111111-</span> 
     </span>
     <span class='ocr_line' id='line_1_12' title="bbox 206 1243 1087 1332; baseline -0.002 -20"><span class='ocrx_word' id='word_1_99' title='bbox 206 1247 285 1312; x_wconf 88' lang='lat' dir='ltr'><strong>ficao</strong></span> <span class='ocrx_word' id='word_1_100' title='bbox 308 1245 574 1312; x_wconf 83' lang='lat' dir='ltr'><strong>demonstrationi</strong></span> <span class='ocrx_word' id='word_1_101' title='bbox 594 1246 689 1332; x_wconf 90' lang='lat' dir='ltr'><strong>hujus</strong></span> <span class='ocrx_word' id='word_1_102' title='bbox 711 1243 840 1311; x_wconf 86' lang='lat' dir='ltr'><strong>artificii</strong></span> <span class='ocrx_word' id='word_1_103' title='bbox 861 1244 967 1310; x_wconf 90' lang='lat' dir='ltr'><strong>adhuc</strong></span> <span class='ocrx_word' id='word_1_104' title='bbox 988 1245 1087 1312; x_wconf 87' lang='lat' dir='ltr'><strong>deest.</strong></span> 
     </span>
    </p>
   </div>
   <div class='ocr_carea' id='block_1_3' title="bbox 206 1384 1523 1865">
    <p class='ocr_par' dir='ltr' id='par_1_4' title="bbox 206 1384 1523 1865">
     <span class='ocr_line' id='line_1_13' title="bbox 727 1384 1076 1473; baseline 0 -19"><span class='ocrx_word' id='word_1_105' title='bbox 727 1384 894 1454; x_wconf 76' lang='lat' dir='ltr'><strong>Conclusio</strong></span> <span class='ocrx_word' id='word_1_106' title='bbox 916 1387 1002 1453; x_wconf 81' lang='lat' dir='ltr'><strong>libri.</strong></span> <span class='ocrx_word' id='word_1_107' title='bbox 1074 1470 1076 1473; x_wconf 44' lang='lat'><strong>.</strong></span> 
     </span>
     <span class='ocr_line' id='line_1_14' title="bbox 296 1510 1522 1597; baseline 0 -19"><span class='ocrx_word' id='word_1_108' title='bbox 296 1510 535 1578; x_wconf 75' lang='lat' dir='ltr'><strong>constitueram</strong></span> <span class='ocrx_word' id='word_1_109' title='bbox 573 1532 699 1578; x_wconf 89' lang='lat' dir='ltr'><strong>errores</strong></span> <span class='ocrx_word' id='word_1_110' title='bbox 728 1511 866 1579; x_wconf 88' lang='lat' dir='ltr'><strong>aliorum</strong></span> <span class='ocrx_word' id='word_1_111' title='bbox 911 1533 985 1578; x_wconf 88' lang='lat' dir='ltr'><strong>cnm</strong></span> <span class='ocrx_word' id='word_1_112' title='bbox 1021 1513 1105 1580; x_wconf 85' lang='lat' dir='ltr'><strong>circa</strong></span> <span class='ocrx_word' id='word_1_113' title='bbox 1136 1511 1299 1580; x_wconf 88' lang='lat' dir='ltr'><strong>doliorum</strong></span> <span class='ocrx_word' id='word_1_114' title='bbox 1334 1512 1522 1597; x_wconf 78' lang='lat' dir='ltr'><strong>integrorum</strong></span> 
     </span>
     <span class='ocr_line' id='line_1_15' title="bbox 207 1596 1522 1686; baseline -0.001 -20"><span class='ocrx_word' id='word_1_115' title='bbox 207 1608 276 1666; x_wconf 92' lang='lat' dir='ltr'><strong>tum</strong></span> <span class='ocrx_word' id='word_1_116' title='bbox 303 1601 400 1666; x_wconf 84' lang='lat' dir='ltr'><strong>etiam</strong></span> <span class='ocrx_word' id='word_1_117' title='bbox 428 1600 516 1666; x_wconf 89' lang='lat' dir='ltr'><strong>circa</strong></span> <span class='ocrx_word' id='word_1_118' title='bbox 544 1601 648 1684; x_wconf 89' lang='lat' dir='ltr'><strong>partis</strong></span> <span class='ocrx_word' id='word_1_119' title='bbox 681 1621 799 1666; x_wconf 83' lang='lat' dir='ltr'><strong>vacuae</strong></span> <span class='ocrx_word' id='word_1_120' title='bbox 829 1600 1038 1667; x_wconf 89' lang='lat' dir='ltr'><strong>dimensiones</strong></span> <span class='ocrx_word' id='word_1_121' title='bbox 1072 1603 1220 1686; x_wconf 83' lang='lat' dir='ltr'><strong>detegere</strong></span> <span class='ocrx_word' id='word_1_122' title='bbox 1254 1596 1522 1686; x_wconf 75' lang='lat' dir='ltr'><strong>fundamenuqu‘c</strong></span> 
     </span>
     <span class='ocr_line' id='line_1_16' title="bbox 207 1687 1523 1777; baseline 0 -23"><span class='ocrx_word' id='word_1_123' title='bbox 207 1687 411 1755; x_wconf 87' lang='lat' dir='ltr'><strong>elenchorum</strong></span> <span class='ocrx_word' id='word_1_124' title='bbox 433 1697 614 1755; x_wconf 89' lang='lat' dir='ltr'><strong>monstrare</strong></span> <span class='ocrx_word' id='word_1_125' title='bbox 629 1689 925 1756; x_wconf 89' lang='lat' dir='ltr'><strong>inthcorematibus</strong></span> <span class='ocrx_word' id='word_1_126' title='bbox 945 1689 1039 1777; x_wconf 87' lang='lat' dir='ltr'><strong>hujus</strong></span> <span class='ocrx_word' id='word_1_127' title='bbox 1057 1689 1141 1755; x_wconf 91' lang='lat' dir='ltr'><strong>libri.</strong></span> <span class='ocrx_word' id='word_1_128' title='bbox 1174 1693 1220 1757; x_wconf 80' lang='lat' dir='ltr'><strong>At</strong></span> <span class='ocrx_word' id='word_1_129' title='bbox 1234 1713 1312 1756; x_wconf 91' lang='lat' dir='ltr'><strong>cum</strong></span> <span class='ocrx_word' id='word_1_130' title='bbox 1328 1713 1397 1756; x_wconf 86' lang='lat' dir='ltr'><strong>una</strong></span> <span class='ocrx_word' id='word_1_131' title='bbox 1418 1692 1523 1756; x_wconf 81' lang='lat' dir='ltr'><strong>veritas</strong></span> 
     </span>
     <span class='ocr_line' id='line_1_17' title="bbox 206 1776 1521 1865; baseline 0.002 -23"><span class='ocrx_word' id='word_1_132' title='bbox 206 1776 343 1843; x_wconf 87' lang='lat' dir='ltr'><strong>sufficiat</strong></span> <span class='ocrx_word' id='word_1_133' title='bbox 366 1776 416 1841; x_wconf 83' lang='lat' dir='ltr'><strong>rel</strong></span> <span class='ocrx_word' id='word_1_134' title='bbox 439 1785 550 1842; x_wconf 86' lang='lat' dir='ltr'><strong>tacens</strong></span> <span class='ocrx_word' id='word_1_135' title='bbox 572 1785 686 1843; x_wconf 87' lang='lat' dir='ltr'><strong>contra</strong></span> <span class='ocrx_word' id='word_1_136' title='bbox 706 1799 816 1844; x_wconf 89' lang='lat' dir='ltr'><strong>omnes</strong></span> <span class='ocrx_word' id='word_1_137' title='bbox 837 1799 985 1846; x_wconf 89' lang='lat' dir='ltr'><strong>errorum</strong></span> <span class='ocrx_word' id='word_1_138' title='bbox 1004 1780 1167 1863; x_wconf 84' lang='lat' dir='ltr'><strong>strepitus,</strong></span> <span class='ocrx_word' id='word_1_139' title='bbox 1192 1783 1307 1865; x_wconf 86' lang='lat' dir='ltr'><strong>etjam</strong></span> <span class='ocrx_word' id='word_1_140' title='bbox 1322 1788 1423 1860; x_wconf 84' lang='lat' dir='ltr'><strong>antea</strong></span> <span class='ocrx_word' id='word_1_141' title='bbox 1444 1780 1521 1855; x_wconf 82' lang='lat' dir='ltr'><strong>liber,</strong></span> 
     </span>
    </p>
   </div>
   <div class='ocr_carea' id='block_1_4' title="bbox 207 1866 1523 2041">
    <p class='ocr_par' dir='ltr' id='par_1_5' title="bbox 207 1866 1523 2041">
     <span class='ocr_line' id='line_1_18' title="bbox 207 1866 1523 1952; baseline 0.001 -21"><span class='ocrx_word' id='word_1_142' title='bbox 207 1866 259 1931; x_wconf 81' lang='lat' dir='ltr'><strong>vix</strong></span> <span class='ocrx_word' id='word_1_143' title='bbox 282 1866 392 1931; x_wconf 88' lang='lat' dir='ltr'><strong>decem</strong></span> <span class='ocrx_word' id='word_1_144' title='bbox 414 1866 502 1932; x_wconf 89' lang='lat' dir='ltr'><strong>initio</strong></span> <span class='ocrx_word' id='word_1_145' title='bbox 524 1866 778 1946; x_wconf 82' lang='lat' dir='ltr'><strong>theorematum,</strong></span> <span class='ocrx_word' id='word_1_146' title='bbox 795 1876 932 1951; x_wconf 66' lang='lat' dir='ltr'><strong>rpraeter</strong></span> <span class='ocrx_word' id='word_1_147' title='bbox 954 1868 1133 1952; x_wconf 89' lang='lat' dir='ltr'><strong>opinionem</strong></span> <span class='ocrx_word' id='word_1_148' title='bbox 1164 1871 1363 1935; x_wconf 80' lang='lat' dir='ltr'><strong>excreverit:</strong></span> <span class='ocrx_word' id='word_1_149' title='bbox 1397 1868 1523 1933; x_wconf 87' lang='lat' dir='ltr'><strong>habeant</strong></span> 
     </span>
     <span class='ocr_line' id='line_1_19' title="bbox 207 1954 1522 2041; baseline 0.002 -23"><span class='ocrx_word' id='word_1_150' title='bbox 207 1954 305 2039; x_wconf 85' lang='lat' dir='ltr'><strong>igitur</strong></span> <span class='ocrx_word' id='word_1_151' title='bbox 328 1954 388 2020; x_wconf 91' lang='lat' dir='ltr'><strong>sibi</strong></span> <span class='ocrx_word' id='word_1_152' title='bbox 410 1976 483 2020; x_wconf 92' lang='lat' dir='ltr'><strong>suos</strong></span> <span class='ocrx_word' id='word_1_153' title='bbox 506 1973 640 2035; x_wconf 87' lang='lat' dir='ltr'><strong>errores,</strong></span> <span class='ocrx_word' id='word_1_154' title='bbox 663 1956 842 2041; x_wconf 88' lang='lat' dir='ltr'><strong>quicunque</strong></span> <span class='ocrx_word' id='word_1_155' title='bbox 863 1957 902 2020; x_wconf 90' lang='lat' dir='ltr'><strong>iis</strong></span> <span class='ocrx_word' id='word_1_156' title='bbox 918 1957 1136 2037; x_wconf 89' lang='lat' dir='ltr'><strong>delectantnr;</strong></span> <span class='ocrx_word' id='word_1_157' title='bbox 1158 1957 1312 2022; x_wconf 77' lang='lat' dir='ltr'><strong>fruamrn</strong></span> <span class='ocrx_word' id='word_1_158' title='bbox 1334 1979 1397 2023; x_wconf 90' lang='lat' dir='ltr'><strong>nos</strong></span> <span class='ocrx_word' id='word_1_159' title='bbox 1419 1957 1522 2022; x_wconf 87' lang='lat' dir='ltr'><strong>nostn&#39;s</strong></span> 
     </span>
    </p>
   </div>
   <div class='ocr_carea' id='block_1_5' title="bbox 89 2042 1522 2137">
    <p class='ocr_par' dir='ltr' id='par_1_6' title="bbox 89 2042 1522 2137">
     <span class='ocr_line' id='line_1_20' title="bbox 89 2042 1522 2137; baseline 0.003 -29"><span class='ocrx_word' id='word_1_160' title='bbox 89 2071 96 2090; x_wconf 93' lang='lat'><strong>·</strong></span> <span class='ocrx_word' id='word_1_161' title='bbox 208 2042 389 2123; x_wconf 87' lang='lat' dir='ltr'><strong>commodis,</strong></span> <span class='ocrx_word' id='word_1_162' title='bbox 414 2052 448 2109; x_wconf 87' lang='lat' dir='ltr'><strong>ct</strong></span> <span class='ocrx_word' id='word_1_163' title='bbox 461 2051 498 2109; x_wconf 89' lang='lat' dir='ltr'><strong>ut</strong></span> <span class='ocrx_word' id='word_1_164' title='bbox 512 2043 640 2109; x_wconf 88' lang='lat' dir='ltr'><strong>fruendi</strong></span> <span class='ocrx_word' id='word_1_165' title='bbox 662 2047 807 2126; x_wconf 86' lang='lat' dir='ltr'><strong>materia,</strong></span> <span class='ocrx_word' id='word_1_166' title='bbox 832 2043 929 2137; x_wconf 77' lang='lat' dir='ltr'><strong>salvis</strong></span> <span class='ocrx_word' id='word_1_167' title='bbox 944 2045 1086 2130; x_wconf 89' lang='lat' dir='ltr'><strong>corporis</strong></span> <span class='ocrx_word' id='word_1_168' title='bbox 1102 2047 1267 2132; x_wconf 88' lang='lat' dir='ltr'><strong>animique</strong></span> <span class='ocrx_word' id='word_1_169' title='bbox 1283 2046 1388 2126; x_wconf 78' lang='lat' dir='ltr'><strong>bonis,</strong></span> <span class='ocrx_word' id='word_1_170' title='bbox 1413 2047 1522 2112; x_wconf 82' lang='lat' dir='ltr'><strong>affatim</strong></span> 
     </span>
    </p>
   </div>
   <div class='ocr_carea' id='block_1_6' title="bbox 208 2130 603 2228">
    <p class='ocr_par' dir='ltr' id='par_1_7' title="bbox 208 2130 603 2228">
     <span class='ocr_line' id='line_1_21' title="bbox 208 2130 603 2228; baseline 0.008 -32"><span class='ocrx_word' id='word_1_171' title='bbox 208 2138 367 2228; x_wconf 84' lang='lat' dir='ltr'><strong>suppetat,</strong></span> <span class='ocrx_word' id='word_1_172' title='bbox 392 2130 603 2217; x_wconf 86' lang='lat' dir='ltr'><strong>precabimur.</strong></span> 
     </span>
    </p>
   </div>
   <div class='ocr_carea' id='block_1_7' title="bbox 447 2255 1176 2437">
    <p class='ocr_par' dir='ltr' id='par_1_8' title="bbox 447 2255 1176 2437">
     <span class='ocr_line' id='line_1_22' title="bbox 447 2255 1176 2338; baseline 0.007 -19"><span class='ocrx_word' id='word_1_173' title='bbox 447 2306 448 2319; x_wconf 70' lang='lat'><strong>.</strong></span> <span class='ocrx_word' id='word_1_174' title='bbox 524 2255 571 2321; x_wconf 85' lang='lat' dir='ltr'><strong>Et</strong></span> <span class='ocrx_word' id='word_1_175' title='bbox 592 2276 663 2322; x_wconf 83' lang='lat' dir='ltr'><strong>cam</strong></span> <span class='ocrx_word' id='word_1_176' title='bbox 680 2257 797 2338; x_wconf 80' lang='lat' dir='ltr'><strong>poculo</strong></span> <span class='ocrx_word' id='word_1_177' title='bbox 818 2256 906 2323; x_wconf 80' lang='lat' dir='ltr'><strong>mille</strong></span> <span class='ocrx_word' id='word_1_178' title='bbox 927 2258 1026 2323; x_wconf 81' lang='lat' dir='ltr'><strong>mensi</strong></span> <span class='ocrx_word' id='word_1_179' title='bbox 1047 2258 1176 2338; x_wconf 58' lang='lat' dir='ltr'><strong>emmiu,</strong></span> 
     </span>
     <span class='ocr_line' id='line_1_23' title="bbox 526 2344 1122 2437; baseline 0.003 -25"><span class='ocrx_word' id='word_1_180' title='bbox 526 2344 880 2437; x_wconf 76' lang='lat' dir='ltr'><strong>Cmtlarbobimnsilln,</strong></span> <span class='ocrx_word' id='word_1_181' title='bbox 906 2368 944 2412; x_wconf 72' lang='lat' dir='ltr'><strong>irc</strong></span> <span class='ocrx_word' id='word_1_182' title='bbox 966 2351 1122 2426; x_wconf 61' lang='lat' dir='ltr'><strong>asianum</strong></span> 
     </span>
    </p>
   </div>
   <div class='ocr_carea' id='block_1_8' title="bbox 798 2469 937 2537">
    <p class='ocr_par' dir='ltr' id='par_1_9' title="bbox 798 2469 937 2537">
     <span class='ocr_line' id='line_1_24' title="bbox 798 2469 937 2537; baseline 0.007 -1"><span class='ocrx_word' id='word_1_183' title='bbox 798 2469 937 2537; x_wconf 88' lang='lat' dir='ltr'><strong>Finis.</strong></span> 
     </span>
    </p>
   </div>
   <div class='ocr_carea' id='block_1_9' title="bbox 0 0 1583 5482">
    <p class='ocr_par' dir='ltr' id='par_1_10' title="bbox 0 0 1583 5482">
     <span class='ocr_line' id='line_1_25' title="bbox 0 0 1583 5482; baseline 0 0"><span class='ocrx_word' id='word_1_184' title='bbox 0 0 1583 5482; x_wconf 95' lang='lat' dir='ltr'><strong> </strong></span> 
     </span>
    </p>
   </div>
  </div>
 </body>
</html>
