3112 5474
72 265 78 283 ·
130 222 242 305 ,¹332
676 252 1018 315 consenescente

176 389 256 485 ‹pucd
270 399 371 464 versio
387 378 512 481 antiqua
527 388 630 473 tabee,
645 389 680 461 ιιι
693 397 896 479 profiteretur
933 397 995 462 Ubi
1010 396 1176 461 notandum
1190 397 1291 479 primo
1307 396 1441 471 omnium,
1452 417 1499 461 uon

176 510 295 593 semper
313 490 394 553 idem
410 507 493 563 esse,
515 487 660 562 describi,
684 484 744 550 dno
746 492 929 581 γραφισθαι,
952 488 1031 568 quod
1045 492 1207 563 ιιμιισθαι,
1239 486 1322 569 quod
1348 494 1398 549 est
1412 506 1500 549 census

97 651 102 665 ,
176 581 295 644 nomine
320 579 437 641 solvere
461 584 577 640 certam
599 577 745 657 pecuniae
771 595 916 639 summam
946 583 999 645 aut
1023 584 1139 640 certum
1162 592 1317 638 nummum
1342 576 1502 638 censualem

175 670 255 734 Nam
277 677 310 732 et
331 669 407 730 haec
430 673 479 728 est
499 666 600 746 aliqua
622 666 802 745 descriptio,
823 674 859 728 ut
878 666 974 728 habet
989 665 1114 748 antiqua
1129 666 1241 740 versio,
1264 665 1330 728 sive
1348 684 1450 727 census
1463 664 1502 727 vel

175 757 327 832 recensio,
349 763 384 818 ut
397 755 493 817 habet
506 754 727 829 Tertullianus,
749 755 986 837 quandocapita
1002 757 1199 818 recensentur
1219 768 1385 834 eommque
1408 772 1504 815 summa

176 849 306 911 refertur
320 846 351 913 in
367 845 607 907 commentarios.
638 843 742 907 Servit
756 843 875 926 quidem
891 844 1045 907 inventum
1058 844 1116 927 boe
1131 843 1288 924 politicum
1298 842 1504 924 descriptionis,

90 950 91 954 ’
178 935 273 999 servit
296 935 418 1015 inquam
442 932 650 1004 exactionibus
675 939 707 994 et
731 933 915 995 sectionibus
941 927 976 1014 (a
1000 952 1124 1014 quorum
1148 931 1246 995 altero
1269 952 1331 995 vox
1356 932 1505 995 Teutonica

178 1018 354 1104 Ειιιιιιιις)
371 1040 460 1103 quam
476 1023 596 1103 optime,
611 1028 644 1083 at
659 1040 719 1084 non
734 1039 852 1102 semper
867 1041 975 1084 census
991 1021 1093 1103 agitur
1108 1021 1278 1084 exactionis
1294 1041 1398 1084 causa.
1438 1020 1504 1083 Nan

176 1121 208 1177 et
223 1113 262 1175 ad
277 1130 377 1174 mores
392 1111 475 1173 utilis
492 1118 540 1173 est
555 1129 664 1173 census
680 1116 712 1172 et
727 1110 766 1172 ad
782 1111 991 1192 dispertienda
999 1108 1101 1193 populi
1118 1110 1275 1173 commoda
1289 1111 1373 1173 inter
1387 1109 1504 1190 singulos

176 1210 208 1265 et
222 1201 351 1264 maxime
367 1199 496 1263 omnium
512 1200 550 1261 ad
566 1200 771 1262 defensionem
786 1200 977 1282 reipublicae.
1021 1201 1091 1263 Non
1107 1200 1181 1262 dicit
1203 1201 1298 1280 igitur
1314 1199 1429 1273 Lucas,
1448 1201 1503 1261 Au·

175 1299 297 1372 gustum
321 1289 459 1370 exegisse
481 1297 601 1370 partem
623 1289 804 1370 aliquotam,
827 1295 902 1371 puta
884 1290 1101 1353 avicesimam
1126 1288 1323 1363 facultatum,
1348 1296 1383 1350 ut
1407 1289 1503 1350 fastum

175 1378 291 1461 Romae
307 1399 385 1441 anno
402 1377 501 1441 taes
516 1377 713 1441 saturano:
737 1397 793 1440 uec
807 1378 969 1441 uerisimile
986 1386 1043 1454 est,
1058 1379 1231 1465 Augustum
1246 1378 1277 1440 id
1293 1377 1437 1458 temporis
1452 1376 1502 1437 He-

175 1455 241 1531 rodi
257 1467 401 1532 tributum
422 1467 510 1530 hoc
500 1467 680 1548 imposuisse
702 1474 789 1530 anta
811 1468 941 1531 subditis
961 1467 1025 1549 ejus
1048 1462 1161 1549 aliquid
1184 1486 1293 1530 census
1308 1467 1427 1531 nomine
1443 1484 1503 1527 exe·

175 1557 266 1639 gisse,
280 1565 316 1619 ut
333 1580 351 1618 a
366 1556 608 1637 provincialibus
652 1557 733 1619 Nam
756 1557 826 1639 quid
849 1557 983 1620 differret
998 1575 1123 1638 reguum
1145 1554 1504 1638 aprovincia‚s1eadeu

175 1647 330 1750 utriusque
347 1653 451 1708 essent
467 1646 579 1708 onera?
601 1644 710 1708 Haec
702 1646 795 1727 igitur
811 1647 974 1727 descriptio
985 1647 1157 1727 quaerenda
1171 1646 1259 1708 nobis
1276 1646 1350 1707 est
1340 1664 1374 1708 rn
1387 1642 1504 1723 Josepbc

174 1736 263 1816 inque
279 1734 433 1798 historicis
448 1734 611 1809 Romanis,
632 1742 667 1797 ut
682 1735 746 1814 ejus
763 1755 842 1797 anno
857 1735 980 1798 invento
996 1735 1144 1799 nativitas
1160 1735 1253 1797 etiam
1270 1733 1387 1798 Christi
1407 1752 1504 1812 augus-

158 1824 303 1887 tioribus
325 1824 462 1886 terminis
486 1824 748 1887 circumscribatur
770 1843 860 1904 quam
874 1825 1031 1887 hactenus.
1077 1822 1166 1895 Quod
1187 1824 1352 1887 historicos
1366 1822 1504 1885 Romanos

176 1913 305 1987 attinet,
326 1913 449 1993 longum
465 1919 548 1975 esset
563 1913 708 1993 originem
724 1921 756 1975 et
772 1914 1015 1976 circumstantias
1031 1932 1173 1977 censuum
1189 1920 1326 1975 actomm
1343 1931 1444 1975 omnes
1460 1929 1504 1972 ex·

56 2006 58 2008 ’
176 2002 306 2084 plicare,
331 2002 462 2065 sufficiat
478 2003 565 2087 nobis
574 2001 750 2066 cassiodori
767 2003 980 2083 compendiosa
993 2003 1116 2078 mentio,
1133 1999 1260 2074 Oeneae,
1276 2002 1384 2084 inquit,
1399 2001 1504 2062 Romo-

90 2165 94 2177 !
173 2113 284 2155 corum
307 2091 419 2153 civium
437 2091 561 2173 primus
576 2088 705 2154 servius
725 2090 854 2165 invenit,
879 2112 953 2155 cecc
964 2093 1126 2174 sopanus
1141 2112 1201 2173 per
1222 2093 1327 2153 orbem
1349 2088 1504 2173 ampliavit

174 2180 264 2244 Multi
287 2201 314 2243 n.
331 2199 439 2242 census
455 2180 516 2242 acti
535 2199 613 2242 nunc
630 2187 755 2266 senatus
772 2201 849 2244 nunc
865 2181 973 2243 civium
988 2179 1193 2244 Romanomm
1205 2182 1288 2243 iutra
1303 2181 1423 2255 urbem,
1441 2195 1504 2240 nuuc

177 2270 308 2332 omuinm
324 2269 417 2331 etiam
433 2278 522 2332 extra
536 2270 655 2344 urbem,
677 2289 756 2332 nuuc
772 2269 1021 2343 ceususItaliae,
1042 2289 1121 2333 nunc
1136 2270 1363 2351 provinciarum
1385 2267 1503 2349 singula·

174 2377 249 2423 rum.
277 2358 397 2422 Primus
411 2358 615 2420 Romanorum
632 2355 686 2421 (lu.
701 2359 864 2464 Pompejus
886 2359 985 2440 captis
1000 2359 1198 2441 ierosolymis
1213 2359 1352 2421 Judaeae
1377 2356 1504 2421 tributum

175 2446 319 2528 imposuit
342 2455 414 2510 ante
435 2453 564 2509 mortem
583 2447 715 2510 Herodis
738 2449 824 2511 annis
839 2446 898 2518 6.0
942 2448 1057 2515 Postea
1079 2449 1134 2511 sub
1157 2447 1295 2511 civilibus
1317 2448 1504 2510 Romauomm

168 2536 263 2601 bellis
278 2536 465 2617 gravissimis
488 2536 697 2599 exactionibus
712 2558 731 2598 a
748 2527 856 2600 Cassio
873 2555 1021 2599 concussa
1038 2545 1087 2600 est
1100 2537 1227 2600 Judaea
1258 2528 1350 2608 Quod
1365 2555 1435 2598 vero
1448 2536 1503 2597 Au-

175 2632 298 2707 gustum
319 2626 448 2701 attinet,
468 2626 495 2687 is
518 2645 640 2693 censum
660 2626 779 2707 populi,
800 2634 835 2688 ut
857 2625 1022 2689 Suetonius
1044 2627 1154 2701 habet,
1177 2634 1225 2690 ter
1241 2627 1323 2708 egit,
1346 2626 1466 2707 primum
1479 2630 1503 2685 et

175 2715 311 2778 ultimum
334 2734 400 2778 cum
416 2715 549 2796 collega,
570 2714 700 2777 medium
716 2711 807 2778 stilus.
850 2716 970 2779 Primus
986 2715 1106 2797 quidem
1125 2714 1170 2778 illi
1186 2724 1274 2778 actus
1291 2734 1371 2778 anuo
1389 2714 1436 2778 18.
1450 2731 1503 2775 cun

175 2804 294 2885 collega
308 2805 350 2867 Μ.
364 2805 513 2885 Agrippa,
529 2805 579 2886 qui
595 2804 733 2885 sequenti
745 2803 799 2868 19.
809 2802 868 2866 Jul.
882 2821 938 2885 per
954 2802 1073 2868 Gallias
1088 2805 1146 2867 fuit
1161 2805 1375 2879 continuatus;
1398 2803 1502 2865 ultimus

177 2912 255 2956 anno
272 2892 324 2955 58.
340 2913 405 2956 cum
415 2893 535 2956 ‘liberio
552 2892 727 2956 tribunitiae
742 2893 909 2975 potestatis
915 2893 957 2971 II.
973 2895 1100 2975 collega,
1115 2895 1260 2976 quamvis,
1274 2902 1310 2956 ut
1325 2913 1365 2956 ex
1375 2892 1501 2958 Suetonio

175 2981 206 3046 in
221 2980 340 3044 Tiberio
356 2989 457 3063 patet,
479 2982 591 3045 dilatus
613 2982 644 3044 in
659 2981 894 3058 saturianum
916 2982 1032 3046 medius
1047 2983 1168 3046 Julianc
1185 2983 1245 3058 38.,
1267 2990 1303 3044 ιιι
1318 3002 1358 3045 ex
1373 2997 1502 3045 marmore

175 3071 339 3151 Ancyrauo
363 3071 527 3152 superstite
544 3071 703 3151 colligitur.
749 3069 864 3142 Quodsi
887 3071 923 3133 de
938 3072 1044 3135 horum
1069 3091 1210 3135 censuum
1231 3091 1292 3135 uno
1307 3069 1502 3152 intelligendus

176 3167 260 3222 esset
274 3159 474 3240 Evangelista
489 3159 599 3235 Lucas,
615 3161 652 3222 de
668 3160 775 3236 medic,
791 3161 840 3244 qui
854 3160 886 3223 in
900 3161 1053 3224 Julianum
1068 3160 1120 3224 38
1136 3161 1291 3242 competit,
1312 3162 1411 3242 accipi
1425 3160 1500 3221 debe

176 3256 239 3312 ret:
264 3249 309 3311 sic
329 3257 364 3311 ut
379 3251 516 3330 inceptus
538 3269 617 3311 anuo
633 3248 685 3312 38.
707 3257 761 3312 aut
775 3248 890 3312 Romae
906 3260 1063 3331 peractus,
1087 3251 1281 3331 sequentibus
1299 3251 1388 3313 anuis
1403 3251 1432 3312 in
1445 3267 1501 3330 pro·

176 3338 309 3401 vincias
305 3338 507 3413 transiverit,
530 3358 608 3401 anno
625 3337 700 3402 39.
692 3359 722 3401 ιιι
727 3337 874 3442 'Syriam
896 3359 975 3400 anno
992 3339 1067 3402 40.
1059 3360 1089 3403 ιι
1106 3339 1218 3401 socium
1233 3340 1374 3402 Judaeae
1390 3353 1501 3419 reguum
1548 3354 1549 3359 ¹

175 3427 245 3490 Etsi
268 3427 480 3490 enimJudaea
499 3428 579 3490 iuter
600 3428 773 3509 provincias
794 3428 897 3508 populi
917 3408 1048 3490 Romani
1070 3448 1130 3490 uon
1152 3435 1224 3491 tunc
1246 3426 1501 3505 fritamentis

175 3523 266 3598 pater
289 3517 453 3597 Antipater
473 3517 599 3579 civitate
621 3515 761 3579 Romana
782 3516 912 3668 douagrs
935 3516 1084 3598 quondam
1107 3523 1189 3591 erat,
1211 3517 1315 3599 quod
1301 3538 1355 3599 Jus
1379 3519 1417 3581 ad
1430 3516 1502 3578 filim

176 3605 330 3669 Herodem
344 3605 480 3669 Judaeae
502 3624 604 3686 regem
616 3607 791 3680 transtulit,
814 3613 862 3686 et
892 3605 998 3668 erodes
1015 3606 1109 3668 cliens
1133 3613 1200 3667 erat
1214 3606 1351 3686 Augusti
1367 3607 1502 3685 sociusque

177 3695 280 3776 populi
294 3694 439 3770 Romani;
462 3702 497 3757 ut
511 3695 673 3758 verisimile
689 3696 746 3771 sit,
768 3695 956 3760 occasionem
978 3695 1173 3775 descriptioni
1192 3695 1330 3759 Judaeae
1353 3690 1502 3778 praebitam

178 3805 198 3845 a
220 3781 313 3847 censu
326 3782 531 3846 Romanorum
553 3783 661 3847 civium
683 3804 761 3846 anno
784 3783 971 3847 saturano
994 3792 1128 3866 peracto.
1159 3785 1252 3868 ,Nam
1268 3785 1409 3849 diversas
1430 3783 1502 3846 fuiss

178 3892 287 3935 causas
307 3873 462 3955 utriusque
485 3892 593 3935 census
617 3872 802 3936 inconfesse
820 3880 876 3935 est.
912 3874 1029 3937 Romae
1052 3873 1130 3936 euim
1147 3891 1270 3935 censum
1286 3873 1352 3955 egit
1366 3876 1503 3954 Augustus

179 3980 218 4024 ex
232 3980 315 4024 more
332 3962 474 4043 antiquo:
506 3963 665 4043 generales
684 3982 757 4026 uero
781 3956 926 4042 (omnium
948 3982 1025 4044 quae
1040 3962 1213 4044 possideret
1235 3957 1268 4024 et
1284 3964 1329 4026 sic
1343 3963 1435 4026 etiam
1447 3978 1502 4043 pro-

179 4051 360 4126 vinciarum,
382 4070 457 4131 quas
473 4068 551 4114 auno
570 4051 688 4115 19.Ju1.
704 4069 757 4132 pro
773 4070 806 4114 se
822 4052 955 4127 retinuit,
971 4071 1046 4133 quas
1061 4052 1142 4114 inter
1157 4058 1188 4115 et
1204 4049 1298 4133 Syria
1313 4060 1347 4115 et
1360 4048 1503 4116 Phoenicia

178 4136 276 4222 fuere)
301 4140 519 4221 descriptiones
540 4141 670 4210 faciendi
686 4140 841 4204 consilium
858 4161 936 4204 anuo
951 4140 1073 4217 turso,
1094 4142 1245 4204 referente
1262 4141 1372 4216 Dione,
1393 4139 1502 4220 coepite

178 4228 268 4291 rebus
283 4228 496 4310 praesentibus
502 4248 511 4304 ;
534 4229 565 4291 id
582 4229 661 4292 enim
676 4230 788 4291 factum
812 4230 855 4292 ait
871 4223 909 4292 ab
925 4231 1065 4311 Augusto
1081 4231 1205 4311 perinde
1228 4237 1263 4291 ut
1279 4228 1382 4294 solent
1397 4225 1501 4312 priuati

180 4325 212 4380 et
233 4319 356 4399 propria
378 4319 497 4401 quidem
518 4339 609 4381 manu
631 4326 789 4381 exaratum
810 4319 902 4381 fuisse
917 4319 1051 4382 libellum
1070 4320 1168 4382 tradit
1188 4318 1332 4382 Tacitus:
1363 4317 1502 4383 indicatet

106 4477 110 4481 J
178 4415 395 4487 argumentum,
411 4427 484 4489 opes
499 4407 645 4512 publicas,
661 4416 805 4490 quantum
822 4408 930 4471 civium
946 4408 1152 4490 sociorumque
1169 4403 1286 4490 (quos
1276 4419 1360 4472 mter
1376 4417 1407 4472 et
1421 4407 1498 4471 Herc

179 4495 226 4557 dis
242 4516 327 4577 regni
319 4490 507 4578 ‘’incolae)
497 4518 529 4559 m
546 4497 651 4572 armis,
674 4506 748 4578 quot
763 4497 893 4571 classes,
915 4516 1010 4578 regua
1027 4491 1119 4580 (quae
1133 4497 1214 4560 inter
1230 4507 1263 4561 et
1277 4493 1426 4580 Judaea),
1444 4511 1498 4598 pre

177 4583 308 4660 vinciae,
332 4586 447 4648 tributa
463 4594 515 4648 aut
530 4585 694 4666 vectigalia
710 4593 741 4648 et
756 4586 957 4649 necessitates
974 4606 1010 4649 ac
1022 4586 1209 4667 largitiones.
1256 4586 1454 4651 Suetonius'
1435 4579 1496 4659 smi-

180 4671 251 4735 liter
261 4675 400 4736 meminit
414 4675 555 4738 breviarii
571 4676 689 4738 totius'
681 4674 807 4756 imperii,
822 4684 967 4756 quantum
981 4675 1109 4739 militum
1125 4676 1221 4738 sub
1196 4676 1294 4758 signis
1309 4673 1415 4760 ubique
1429 4673 1494 4736 esset
1555 4740 1556 4744 ,

183 4761 231 4823 De
253 4763 309 4858 tali
330 4763 432 4844 itaque
449 4763 667 4845 descriptione,
689 4784 749 4851 qua
764 4765 867 4845 capita
883 4772 1078 4840 censerentur
1092 4765 1178 4846 regni
1200 4766 1286 4842 sccii,
1299 4767 1409 4831 rectius
1423 4752 1492 4836 artipl
1553 4785 1554 4789 ¹
