<?xml version="1.0" encoding="UTF-8"?>
<!DOCTYPE html PUBLIC "-//W3C//DTD XHTML 1.0 Transitional//EN"
    "http://www.w3.org/TR/xhtml1/DTD/xhtml1-transitional.dtd">
<html xmlns="http://www.w3.org/1999/xhtml" xml:lang="en" lang="en">
 <head>
  <title>
</title>
<meta http-equiv="Content-Type" content="text/html;charset=utf-8" />
  <meta name='ocr-system' content='tesseract 3.04.00' />
  <meta name='ocr-capabilities' content='ocr_page ocr_carea ocr_par ocr_line ocrx_word'/>
</head>
<body>
  <div class='ocr_page' id='page_1' title='image "./joanniskepleria13frisgoog_0325.png"; bbox 0 0 3112 5474; ppageno 0'>
   <div class='ocr_carea' id='block_1_1' title="bbox 216 198 1053 278">
    <p class='ocr_par' dir='ltr' id='par_1_1' title="bbox 216 198 1053 278">
     <span class='ocr_line' id='line_1_1' title="bbox 216 198 1053 278; baseline -0.002 -8"><span class='ocrx_word' id='word_1_1' title='bbox 216 198 281 271; x_wconf 78' lang='grc'><strong>312</strong></span> <span class='ocrx_word' id='word_1_2' title='bbox 600 275 602 278; x_wconf 55' lang='grc'><strong>,</strong></span> <span class='ocrx_word' id='word_1_3' title='bbox 677 254 680 259; x_wconf 91' lang='grc'><strong>.</strong></span> <span class='ocrx_word' id='word_1_4' title='bbox 716 216 1053 278; x_wconf 62' lang='lat' dir='ltr'><strong>permaneamus,</strong></span> 
     </span>
    </p>
   </div>
   <div class='ocr_carea' id='block_1_2' title="bbox 215 324 1527 447">
    <p class='ocr_par' dir='ltr' id='par_1_2' title="bbox 215 324 1527 447">
     <span class='ocr_line' id='line_1_2' title="bbox 215 324 1527 447; baseline -0.002 -18"><span class='ocrx_word' id='word_1_5' title='bbox 215 366 336 431; x_wconf 86' lang='lat' dir='ltr'><strong>Juliauo</strong></span> <span class='ocrx_word' id='word_1_6' title='bbox 352 364 404 427; x_wconf 98' lang='grc'><strong>23.</strong></span> <span class='ocrx_word' id='word_1_7' title='bbox 419 371 543 447; x_wconf 88' lang='lat' dir='ltr'><strong>ceperat</strong></span> <span class='ocrx_word' id='word_1_8' title='bbox 548 381 558 438; x_wconf 80' lang='lat'><em>3</em></span> <span class='ocrx_word' id='word_1_9' title='bbox 575 360 798 425; x_wconf 77' lang='lat' dir='ltr'><strong>dedicationem</strong></span> <span class='ocrx_word' id='word_1_10' title='bbox 813 363 928 424; x_wconf 85' lang='lat' dir='ltr'><strong>iactam</strong></span> <span class='ocrx_word' id='word_1_11' title='bbox 944 324 1065 444; x_wconf 88' lang='lat' dir='ltr'><strong>Olymp.</strong></span> <span class='ocrx_word' id='word_1_12' title='bbox 1075 361 1147 437; x_wconf 85' lang='grc'><strong>192,</strong></span> <span class='ocrx_word' id='word_1_13' title='bbox 1161 361 1306 426; x_wconf 87' lang='lat' dir='ltr'><strong>nimirum</strong></span> <span class='ocrx_word' id='word_1_14' title='bbox 1319 363 1404 444; x_wconf 82' lang='lat' dir='ltr'><strong>cnjus</strong></span> <span class='ocrx_word' id='word_1_15' title='bbox 1417 363 1527 427; x_wconf 78' lang='lat' dir='ltr'><strong>ludium</strong></span> 
     </span>
    </p>
   </div>
   <div class='ocr_carea' id='block_1_3' title="bbox 217 450 1530 534">
    <p class='ocr_par' dir='ltr' id='par_1_3' title="bbox 217 450 1530 534">
     <span class='ocr_line' id='line_1_3' title="bbox 217 450 1530 534; baseline -0.002 -16"><span class='ocrx_word' id='word_1_16' title='bbox 217 455 401 518; x_wconf 89' lang='lat' dir='ltr'><strong>celebratum</strong></span> <span class='ocrx_word' id='word_1_17' title='bbox 416 459 484 518; x_wconf 87' lang='lat' dir='ltr'><strong>erat</strong></span> <span class='ocrx_word' id='word_1_18' title='bbox 500 472 578 516; x_wconf 91' lang='lat' dir='ltr'><strong>anuo</strong></span> <span class='ocrx_word' id='word_1_19' title='bbox 594 453 646 527; x_wconf 84' lang='grc'><strong>34,</strong></span> <span class='ocrx_word' id='word_1_20' title='bbox 661 451 803 519; x_wconf 83' lang='lat' dir='ltr'><strong>currebat</strong></span> <span class='ocrx_word' id='word_1_21' title='bbox 817 450 911 532; x_wconf 90' lang='lat' dir='ltr'><strong>igitur</strong></span> <span class='ocrx_word' id='word_1_22' title='bbox 926 451 992 532; x_wconf 86' lang='lat' dir='ltr'><strong>ejus</strong></span> <span class='ocrx_word' id='word_1_23' title='bbox 1009 471 1105 514; x_wconf 90' lang='lat' dir='ltr'><strong>annus</strong></span> <span class='ocrx_word' id='word_1_24' title='bbox 1121 453 1150 514; x_wconf 85' lang='lat'><strong>3.</strong></span> <span class='ocrx_word' id='word_1_25' title='bbox 1180 453 1271 517; x_wconf 88' lang='lat' dir='ltr'><strong>Hunc</strong></span> <span class='ocrx_word' id='word_1_26' title='bbox 1287 453 1382 534; x_wconf 87' lang='lat' dir='ltr'><strong>igitur</strong></span> <span class='ocrx_word' id='word_1_27' title='bbox 1396 451 1530 525; x_wconf 67' lang='lat' dir='ltr'><strong>aalma</strong></span> 
     </span>
    </p>
   </div>
   <div class='ocr_carea' id='block_1_4' title="bbox 81 540 1534 626">
    <p class='ocr_par' dir='ltr' id='par_1_4' title="bbox 81 540 1534 626">
     <span class='ocr_line' id='line_1_4' title="bbox 81 540 1534 626; baseline -0.002 -19"><span class='ocrx_word' id='word_1_28' title='bbox 81 614 84 622; x_wconf 49' lang='lat'>‚</span> <span class='ocrx_word' id='word_1_29' title='bbox 216 563 285 607; x_wconf 92' lang='lat' dir='ltr'><strong>num</strong></span> <span class='ocrx_word' id='word_1_30' title='bbox 298 544 376 607; x_wconf 79' lang='lat' dir='ltr'><strong>¹lacit</strong></span> <span class='ocrx_word' id='word_1_31' title='bbox 397 543 448 607; x_wconf 91' lang='grc'><strong>28.</strong></span> <span class='ocrx_word' id='word_1_32' title='bbox 464 541 564 623; x_wconf 81' lang='lat' dir='ltr'><strong>regni,</strong></span> <span class='ocrx_word' id='word_1_33' title='bbox 585 559 703 604; x_wconf 90' lang='lat' dir='ltr'><strong>rursum</strong></span> <span class='ocrx_word' id='word_1_34' title='bbox 723 558 884 604; x_wconf 88' lang='lat' dir='ltr'><strong>numerans</strong></span> <span class='ocrx_word' id='word_1_35' title='bbox 907 562 927 610; x_wconf 83' lang='lat' dir='ltr'><strong>a</strong></span> <span class='ocrx_word' id='word_1_36' title='bbox 949 541 1052 622; x_wconf 87' lang='lat' dir='ltr'><strong>captis</strong></span> <span class='ocrx_word' id='word_1_37' title='bbox 1069 540 1271 626; x_wconf 79' lang='lat' dir='ltr'><strong>Jerosolymis</strong></span> <span class='ocrx_word' id='word_1_38' title='bbox 1295 542 1451 606; x_wconf 70' lang='lat' dir='ltr'><strong>constanti</strong></span> <span class='ocrx_word' id='word_1_39' title='bbox 1466 561 1534 617; x_wconf 77' lang='lat' dir='ltr'><strong>nore,</strong></span> 
     </span>
    </p>
   </div>
   <div class='ocr_carea' id='block_1_5' title="bbox 208 625 1534 2406">
    <p class='ocr_par' dir='ltr' id='par_1_5' title="bbox 208 625 1534 2227">
     <span class='ocr_line' id='line_1_5' title="bbox 213 625 1534 717; baseline 0 -22"><span class='ocrx_word' id='word_1_40' title='bbox 213 632 291 717; x_wconf 90' lang='lat' dir='ltr'><strong>quod</strong></span> <span class='ocrx_word' id='word_1_41' title='bbox 307 632 510 714; x_wconf 87' lang='lat' dir='ltr'><strong>superioribus</strong></span> <span class='ocrx_word' id='word_1_42' title='bbox 526 625 620 704; x_wconf 87' lang='lat' dir='ltr'><strong>adde,</strong></span> <span class='ocrx_word' id='word_1_43' title='bbox 643 629 821 711; x_wconf 90' lang='lat' dir='ltr'><strong>quominus</strong></span> <span class='ocrx_word' id='word_1_44' title='bbox 844 629 996 705; x_wconf 81' lang='lat' dir='ltr'>credibile,</span> <span class='ocrx_word' id='word_1_45' title='bbox 1019 630 1117 709; x_wconf 86' lang='lat' dir='ltr'><strong>ipsum</strong></span> <span class='ocrx_word' id='word_1_46' title='bbox 1139 630 1171 693; x_wconf 94' lang='lat' dir='ltr'><strong>iu</strong></span> <span class='ocrx_word' id='word_1_47' title='bbox 1186 630 1286 693; x_wconf 90' lang='lat' dir='ltr'><strong>medio</strong></span> <span class='ocrx_word' id='word_1_48' title='bbox 1312 631 1534 696; x_wconf 80' lang='lat' dir='ltr'><strong>orationis-curuo</strong></span> 
     </span>
     <span class='ocr_line' id='line_1_6' title="bbox 213 717 1534 804; baseline -0.002 -19"><span class='ocrx_word' id='word_1_49' title='bbox 213 723 366 804; x_wconf 88' lang='lat' dir='ltr'><strong>suiipsius</strong></span> <span class='ocrx_word' id='word_1_50' title='bbox 382 741 450 784; x_wconf 89' lang='lat' dir='ltr'><strong>esse</strong></span> <span class='ocrx_word' id='word_1_51' title='bbox 466 720 652 783; x_wconf 83' lang='lat' dir='ltr'><strong>dissimilem·</strong></span> <span class='ocrx_word' id='word_1_52' title='bbox 692 718 825 782; x_wconf 85' lang='lat' dir='ltr'><strong>Rursum</strong></span> <span class='ocrx_word' id='word_1_53' title='bbox 839 718 889 781; x_wconf 93' lang='lat' dir='ltr'><strong>hic</strong></span> <span class='ocrx_word' id='word_1_54' title='bbox 906 717 1058 783; x_wconf 85' lang='lat' dir='ltr'><strong>Calvisius</strong></span> <span class='ocrx_word' id='word_1_55' title='bbox 1081 719 1131 781; x_wconf 86' lang='lat' dir='ltr'><strong>sol.</strong></span> <span class='ocrx_word' id='word_1_56' title='bbox 1148 720 1199 782; x_wconf 83' lang='lat'><strong>24.</strong></span> <span class='ocrx_word' id='word_1_57' title='bbox 1214 719 1379 800; x_wconf 82' lang='lat' dir='ltr'><strong>Epistolae</strong></span> <span class='ocrx_word' id='word_1_58' title='bbox 1398 720 1430 783; x_wconf 87' lang='lat' dir='ltr'><strong>in</strong></span> <span class='ocrx_word' id='word_1_59' title='bbox 1445 720 1534 784; x_wconf 75' lang='lat' dir='ltr'><strong>drea</strong></span> 
     </span>
     <span class='ocr_line' id='line_1_7' title="bbox 212 804 1534 891; baseline -0.002 -16"><span class='ocrx_word' id='word_1_60' title='bbox 212 813 333 875; x_wconf 51' lang='lat' dir='ltr'><strong>nitituro</strong></span> <span class='ocrx_word' id='word_1_61' title='bbox 375 810 430 884; x_wconf 75' lang='lat' dir='ltr'><strong>si,</strong></span> <span class='ocrx_word' id='word_1_62' title='bbox 445 808 555 890; x_wconf 90' lang='lat' dir='ltr'><strong>iuquit,</strong></span> <span class='ocrx_word' id='word_1_63' title='bbox 579 804 866 891; x_wconf 62' lang='lat' dir='ltr'><strong>Olympiadem,</strong></span> <span class='ocrx_word' id='word_1_64' title='bbox 888 828 962 890; x_wconf 80' lang='lat' dir='ltr'><strong>eryo</strong></span> <span class='ocrx_word' id='word_1_65' title='bbox 978 829 1060 871; x_wconf 80' lang='lat' dir='ltr'><strong>uano</strong></span> <span class='ocrx_word' id='word_1_66' title='bbox 1074 808 1143 891; x_wconf 67' lang='lat' dir='ltr'><strong>ejas</strong></span> <span class='ocrx_word' id='word_1_67' title='bbox 1154 809 1269 890; x_wconf 80' lang='lat' dir='ltr'><strong>primo.</strong></span> <span class='ocrx_word' id='word_1_68' title='bbox 1318 810 1367 873; x_wconf 85' lang='lat' dir='ltr'><strong>At</strong></span> <span class='ocrx_word' id='word_1_69' title='bbox 1383 809 1442 872; x_wconf 89' lang='lat' dir='ltr'><strong>hoo</strong></span> <span class='ocrx_word' id='word_1_70' title='bbox 1456 810 1534 872; x_wconf 80' lang='lat' dir='ltr'><strong>lslsm</strong></span> 
     </span>
     <span class='ocr_line' id='line_1_8' title="bbox 212 896 1534 981; baseline -0.003 -17"><span class='ocrx_word' id='word_1_71' title='bbox 212 907 422 981; x_wconf 78' lang='lat' dir='ltr'><strong>argumentum</strong></span> <span class='ocrx_word' id='word_1_72' title='bbox 444 917 512 961; x_wconf 88' lang='lat' dir='ltr'><strong>esse</strong></span> <span class='ocrx_word' id='word_1_73' title='bbox 533 899 636 960; x_wconf 88' lang='lat' dir='ltr'><strong>multis</strong></span> <span class='ocrx_word' id='word_1_74' title='bbox 659 898 805 979; x_wconf 89' lang='lat' dir='ltr'><strong>exemplis</strong></span> <span class='ocrx_word' id='word_1_75' title='bbox 828 916 866 959; x_wconf 86' lang='lat' dir='ltr'><strong>ex</strong></span> <span class='ocrx_word' id='word_1_76' title='bbox 881 897 948 978; x_wconf 91' lang='lat' dir='ltr'><strong>ipso</strong></span> <span class='ocrx_word' id='word_1_77' title='bbox 963 897 1099 979; x_wconf 84' lang='lat' dir='ltr'><strong>Josepho</strong></span> <span class='ocrx_word' id='word_1_78' title='bbox 1124 905 1156 959; x_wconf 87' lang='lat' dir='ltr'><strong>et</strong></span> <span class='ocrx_word' id='word_1_79' title='bbox 1171 897 1259 961; x_wconf 92' lang='lat' dir='ltr'><strong>docui</strong></span> <span class='ocrx_word' id='word_1_80' title='bbox 1281 907 1315 961; x_wconf 87' lang='lat' dir='ltr'><strong>ot</strong></span> <span class='ocrx_word' id='word_1_81' title='bbox 1336 896 1454 961; x_wconf 91' lang='lat' dir='ltr'><strong>docebo</strong></span> <span class='ocrx_word' id='word_1_82' title='bbox 1461 918 1470 974; x_wconf 94' lang='lat'>;</span> <span class='ocrx_word' id='word_1_83' title='bbox 1489 899 1534 980; x_wconf 83' lang='lat' dir='ltr'><strong>quir</strong></span> 
     </span>
     <span class='ocr_line' id='line_1_9' title="bbox 213 985 1534 1069; baseline -0.002 -16"><span class='ocrx_word' id='word_1_84' title='bbox 213 989 365 1055; x_wconf 86' lang='lat' dir='ltr'><strong>Calvisius</strong></span> <span class='ocrx_word' id='word_1_85' title='bbox 386 989 452 1068; x_wconf 88' lang='lat' dir='ltr'><strong>ipso</strong></span> <span class='ocrx_word' id='word_1_86' title='bbox 474 987 523 1049; x_wconf 93' lang='lat' dir='ltr'><strong>hic</strong></span> <span class='ocrx_word' id='word_1_87' title='bbox 540 988 668 1061; x_wconf 90' lang='lat' dir='ltr'><strong>fatetur,</strong></span> <span class='ocrx_word' id='word_1_88' title='bbox 691 985 883 1069; x_wconf 77' lang='lat' dir='ltr'><strong>Olympiadis</strong></span> <span class='ocrx_word' id='word_1_89' title='bbox 899 987 1047 1050; x_wconf 89' lang='lat' dir='ltr'><strong>vocabulo</strong></span> <span class='ocrx_word' id='word_1_90' title='bbox 1071 994 1170 1049; x_wconf 91' lang='lat' dir='ltr'><strong>totum</strong></span> <span class='ocrx_word' id='word_1_91' title='bbox 1185 987 1316 1068; x_wconf 82' lang='lat' dir='ltr'><strong>intelligi</strong></span> <span class='ocrx_word' id='word_1_92' title='bbox 1336 987 1534 1069; x_wconf 88' lang='lat' dir='ltr'><strong>quadrienuim</strong></span> 
     </span>
     <span class='ocr_line' id='line_1_10' title="bbox 212 1075 1534 1159; baseline -0.002 -19"><span class='ocrx_word' id='word_1_93' title='bbox 212 1079 341 1159; x_wconf 87' lang='lat' dir='ltr'><strong>saepius.</strong></span> <span class='ocrx_word' id='word_1_94' title='bbox 371 1077 454 1157; x_wconf 86' lang='lat' dir='ltr'><strong>Ergo</strong></span> <span class='ocrx_word' id='word_1_95' title='bbox 471 1095 537 1138; x_wconf 91' lang='lat' dir='ltr'><strong>oum</strong></span> <span class='ocrx_word' id='word_1_96' title='bbox 552 1076 610 1138; x_wconf 88' lang='lat' dir='ltr'><strong>hac</strong></span> <span class='ocrx_word' id='word_1_97' title='bbox 624 1096 684 1138; x_wconf 91' lang='lat' dir='ltr'><strong>non</strong></span> <span class='ocrx_word' id='word_1_98' title='bbox 701 1076 911 1152; x_wconf 73' lang='lat' dir='ltr'><strong>successisset,</strong></span> <span class='ocrx_word' id='word_1_99' title='bbox 927 1076 966 1138; x_wconf 88' lang='lat' dir='ltr'><strong>ad</strong></span> <span class='ocrx_word' id='word_1_100' title='bbox 982 1075 1064 1139; x_wconf 90' lang='lat' dir='ltr'><strong>aliud</strong></span> <span class='ocrx_word' id='word_1_101' title='bbox 1080 1076 1303 1139; x_wconf 88' lang='lat' dir='ltr'><strong>firmamentum</strong></span> <span class='ocrx_word' id='word_1_102' title='bbox 1318 1075 1466 1152; x_wconf 73' lang='lat' dir='ltr'><strong>transilit,</strong></span> <span class='ocrx_word' id='word_1_103' title='bbox 1479 1076 1534 1156; x_wconf 86' lang='lat' dir='ltr'><strong>cuju</strong></span> 
     </span>
     <span class='ocr_line' id='line_1_11' title="bbox 211 1164 1534 1248; baseline -0.002 -18"><span class='ocrx_word' id='word_1_104' title='bbox 211 1169 269 1231; x_wconf 92' lang='lat' dir='ltr'><strong>boc</strong></span> <span class='ocrx_word' id='word_1_105' title='bbox 284 1167 524 1229; x_wconf 79' lang='lat' dir='ltr'><strong>fundamentum:</strong></span> <span class='ocrx_word' id='word_1_106' title='bbox 548 1183 658 1227; x_wconf 87' lang='lat' dir='ltr'><strong>aunum</strong></span> <span class='ocrx_word' id='word_1_107' title='bbox 673 1165 724 1243; x_wconf 85' lang='lat'><strong>28.</strong></span> <span class='ocrx_word' id='word_1_108' title='bbox 741 1187 760 1227; x_wconf 89' lang='lat' dir='ltr'><strong>a</strong></span> <span class='ocrx_word' id='word_1_109' title='bbox 776 1164 805 1228; x_wconf 90' lang='lat'><strong>9.</strong></span> <span class='ocrx_word' id='word_1_110' title='bbox 813 1165 936 1230; x_wconf 88' lang='lat' dir='ltr'><strong>Juliano</strong></span> <span class='ocrx_word' id='word_1_111' title='bbox 953 1165 1123 1228; x_wconf 85' lang='lat' dir='ltr'><strong>coincidere</strong></span> <span class='ocrx_word' id='word_1_112' title='bbox 1139 1184 1205 1228; x_wconf 88' lang='lat' dir='ltr'><strong>euru</strong></span> <span class='ocrx_word' id='word_1_113' title='bbox 1222 1184 1302 1228; x_wconf 89' lang='lat' dir='ltr'><strong>auno</strong></span> <span class='ocrx_word' id='word_1_114' title='bbox 1312 1166 1343 1228; x_wconf 84' lang='lat'><strong>4.</strong></span> <span class='ocrx_word' id='word_1_115' title='bbox 1360 1165 1480 1248; x_wconf 91' lang='lat' dir='ltr'><strong>Olymp.</strong></span> <span class='ocrx_word' id='word_1_116' title='bbox 1490 1165 1534 1229; x_wconf 82' lang='grc'><strong>101</strong></span> 
     </span>
     <span class='ocr_line' id='line_1_12' title="bbox 211 1252 1534 1341; baseline -0.002 -22"><span class='ocrx_word' id='word_1_117' title='bbox 211 1256 307 1338; x_wconf 87' lang='lat' dir='ltr'><strong>Atqui</strong></span> <span class='ocrx_word' id='word_1_118' title='bbox 331 1263 416 1318; x_wconf 85' lang='lat' dir='ltr'><strong>tuam</strong></span> <span class='ocrx_word' id='word_1_119' title='bbox 439 1255 488 1317; x_wconf 89' lang='lat' dir='ltr'><strong>adi</strong></span> <span class='ocrx_word' id='word_1_120' title='bbox 505 1252 741 1335; x_wconf 85' lang='lat' dir='ltr'><strong>Ohronologiam</strong></span> <span class='ocrx_word' id='word_1_121' title='bbox 764 1253 894 1331; x_wconf 86' lang='lat' dir='ltr'><strong>Calvisi:</strong></span> <span class='ocrx_word' id='word_1_122' title='bbox 925 1254 951 1316; x_wconf 92' lang='lat' dir='ltr'><strong>si</strong></span> <span class='ocrx_word' id='word_1_123' title='bbox 973 1274 1053 1317; x_wconf 90' lang='lat' dir='ltr'><strong>anuo</strong></span> <span class='ocrx_word' id='word_1_124' title='bbox 1074 1254 1198 1317; x_wconf 85' lang='lat' dir='ltr'><strong>Juliauo</strong></span> <span class='ocrx_word' id='word_1_125' title='bbox 1223 1254 1274 1318; x_wconf 85' lang='lat'><strong>34.</strong></span> <span class='ocrx_word' id='word_1_126' title='bbox 1287 1263 1350 1317; x_wconf 78' lang='lat' dir='ltr'><strong>‘est</strong></span> <span class='ocrx_word' id='word_1_127' title='bbox 1374 1254 1534 1341; x_wconf 86' lang='lat' dir='ltr'><strong>Olympiam</strong></span> 
     </span>
     <span class='ocr_line' id='line_1_13' title="bbox 211 1342 1534 1425; baseline -0.001 -17"><span class='ocrx_word' id='word_1_128' title='bbox 211 1346 366 1420; x_wconf 87' lang='lat' dir='ltr'><strong>ludicrum,</strong></span> <span class='ocrx_word' id='word_1_129' title='bbox 382 1364 460 1407; x_wconf 91' lang='lat' dir='ltr'><strong>auno</strong></span> <span class='ocrx_word' id='word_1_130' title='bbox 476 1342 528 1406; x_wconf 90' lang='grc'><strong>36.</strong></span> <span class='ocrx_word' id='word_1_131' title='bbox 544 1342 663 1406; x_wconf 89' lang='lat' dir='ltr'><strong>nonnisi</strong></span> <span class='ocrx_word' id='word_1_132' title='bbox 686 1343 795 1406; x_wconf 89' lang='lat' dir='ltr'><strong>tertius</strong></span> <span class='ocrx_word' id='word_1_133' title='bbox 813 1342 1004 1424; x_wconf 82' lang='lat' dir='ltr'><strong>Olympiadis</strong></span> <span class='ocrx_word' id='word_1_134' title='bbox 1020 1343 1129 1423; x_wconf 88' lang='lat' dir='ltr'><strong>agitur,</strong></span> <span class='ocrx_word' id='word_1_135' title='bbox 1146 1344 1259 1406; x_wconf 85' lang='lat' dir='ltr'><strong>saltem</strong></span> <span class='ocrx_word' id='word_1_136' title='bbox 1269 1362 1367 1425; x_wconf 86' lang='lat' dir='ltr'><strong>usque</strong></span> <span class='ocrx_word' id='word_1_137' title='bbox 1384 1344 1424 1407; x_wconf 87' lang='lat' dir='ltr'><strong>ad</strong></span> <span class='ocrx_word' id='word_1_138' title='bbox 1442 1353 1534 1407; x_wconf 89' lang='lat' dir='ltr'><strong>autum·</strong></span> 
     </span>
     <span class='ocr_line' id='line_1_14' title="bbox 211 1431 1534 1516; baseline 0 -20"><span class='ocrx_word' id='word_1_139' title='bbox 211 1453 281 1497; x_wconf 91' lang='lat' dir='ltr'><strong>uum</strong></span> <span class='ocrx_word' id='word_1_140' title='bbox 295 1433 507 1507; x_wconf 84' lang='lat' dir='ltr'><strong>Macedonico,</strong></span> <span class='ocrx_word' id='word_1_141' title='bbox 528 1449 623 1513; x_wconf 90' lang='lat' dir='ltr'><strong>nsque</strong></span> <span class='ocrx_word' id='word_1_142' title='bbox 646 1433 685 1495; x_wconf 87' lang='lat' dir='ltr'><strong>ad</strong></span> <span class='ocrx_word' id='word_1_143' title='bbox 705 1432 841 1495; x_wconf 89' lang='lat' dir='ltr'><strong>brumam</strong></span> <span class='ocrx_word' id='word_1_144' title='bbox 855 1431 1011 1506; x_wconf 86' lang='lat' dir='ltr'><strong>Romane,</strong></span> <span class='ocrx_word' id='word_1_145' title='bbox 1034 1439 1067 1495; x_wconf 90' lang='lat' dir='ltr'><strong>et</strong></span> <span class='ocrx_word' id='word_1_146' title='bbox 1082 1433 1202 1495; x_wconf 91' lang='lat' dir='ltr'><strong>omuino</strong></span> <span class='ocrx_word' id='word_1_147' title='bbox 1217 1452 1313 1515; x_wconf 89' lang='lat' dir='ltr'><strong>usque</strong></span> <span class='ocrx_word' id='word_1_148' title='bbox 1329 1433 1372 1495; x_wconf 86' lang='lat' dir='ltr'><strong>ad</strong></span> <span class='ocrx_word' id='word_1_149' title='bbox 1388 1442 1534 1516; x_wconf 83' lang='lat' dir='ltr'><strong>sequenter</strong></span> 
     </span>
     <span class='ocr_line' id='line_1_15' title="bbox 211 1519 1534 1605; baseline 0 -20"><span class='ocrx_word' id='word_1_150' title='bbox 211 1523 326 1605; x_wconf 86' lang='lat' dir='ltr'><strong>pascha</strong></span> <span class='ocrx_word' id='word_1_151' title='bbox 340 1523 476 1596; x_wconf 90' lang='lat' dir='ltr'><strong>Judaioe,</strong></span> <span class='ocrx_word' id='word_1_152' title='bbox 491 1528 527 1583; x_wconf 92' lang='lat' dir='ltr'><strong>ut</strong></span> <span class='ocrx_word' id='word_1_153' title='bbox 540 1521 757 1602; x_wconf 73' lang='lat' dir='ltr'><strong>hiciosephus</strong></span> <span class='ocrx_word' id='word_1_154' title='bbox 773 1519 1005 1603; x_wconf 81' lang='lat' dir='ltr'><strong>olympiadibus</strong></span> <span class='ocrx_word' id='word_1_155' title='bbox 1020 1522 1117 1587; x_wconf 88' lang='lat' dir='ltr'><strong>utitur</strong></span> <span class='ocrx_word' id='word_1_156' title='bbox 1130 1522 1267 1585; x_wconf 87' lang='lat' dir='ltr'><strong>Judaice.</strong></span> <span class='ocrx_word' id='word_1_157' title='bbox 1313 1522 1394 1585; x_wconf 81' lang='lat' dir='ltr'><strong>Esto</strong></span> <span class='ocrx_word' id='word_1_158' title='bbox 1410 1541 1487 1597; x_wconf 85' lang='lat' dir='ltr'><strong>vero,</strong></span> <span class='ocrx_word' id='word_1_159' title='bbox 1500 1523 1534 1585; x_wconf 78' lang='lat' dir='ltr'><strong>de</strong></span> 
     </span>
     <span class='ocr_line' id='line_1_16' title="bbox 211 1609 1534 1693; baseline -0.002 -18"><span class='ocrx_word' id='word_1_160' title='bbox 211 1613 314 1675; x_wconf 89' lang='lat' dir='ltr'><strong>dicata</strong></span> <span class='ocrx_word' id='word_1_161' title='bbox 329 1612 371 1674; x_wconf 90' lang='lat' dir='ltr'><strong>sit</strong></span> <span class='ocrx_word' id='word_1_162' title='bbox 385 1618 457 1692; x_wconf 90' lang='lat' dir='ltr'><strong>post</strong></span> <span class='ocrx_word' id='word_1_163' title='bbox 473 1618 647 1673; x_wconf 82' lang='lat' dir='ltr'><strong>autumnum</strong></span> <span class='ocrx_word' id='word_1_164' title='bbox 658 1610 722 1690; x_wconf 88' lang='lat' dir='ltr'><strong>jam</strong></span> <span class='ocrx_word' id='word_1_165' title='bbox 739 1619 878 1674; x_wconf 86' lang='lat' dir='ltr'><strong>currente</strong></span> <span class='ocrx_word' id='word_1_166' title='bbox 893 1610 1092 1674; x_wconf 83' lang='lat' dir='ltr'><strong>Macedonico</strong></span> <span class='ocrx_word' id='word_1_167' title='bbox 1108 1618 1215 1692; x_wconf 88' lang='lat' dir='ltr'><strong>quarto</strong></span> <span class='ocrx_word' id='word_1_168' title='bbox 1232 1610 1437 1693; x_wconf 79' lang='lat' dir='ltr'><strong>Olympiadis</strong></span> <span class='ocrx_word' id='word_1_169' title='bbox 1469 1609 1534 1682; x_wconf 79' lang='lat' dir='ltr'><strong>Oui</strong></span> 
     </span>
     <span class='ocr_line' id='line_1_17' title="bbox 210 1699 1534 1783; baseline -0.002 -19"><span class='ocrx_word' id='word_1_170' title='bbox 210 1702 305 1783; x_wconf 89' lang='lat' dir='ltr'><strong>igitur</strong></span> <span class='ocrx_word' id='word_1_171' title='bbox 326 1700 392 1763; x_wconf 85' lang='lat' dir='ltr'><strong>ais?</strong></span> <span class='ocrx_word' id='word_1_172' title='bbox 428 1701 535 1780; x_wconf 85' lang='lat' dir='ltr'><strong>Egone</strong></span> <span class='ocrx_word' id='word_1_173' title='bbox 556 1700 777 1774; x_wconf 84' lang='lat' dir='ltr'><strong>demonstravi,</strong></span> <span class='ocrx_word' id='word_1_174' title='bbox 799 1699 878 1765; x_wconf 90' lang='lat' dir='ltr'><strong>huuc</strong></span> <span class='ocrx_word' id='word_1_175' title='bbox 901 1707 1040 1782; x_wconf 88' lang='lat' dir='ltr'><strong>quartum</strong></span> <span class='ocrx_word' id='word_1_176' title='bbox 1055 1699 1191 1781; x_wconf 90' lang='lat' dir='ltr'><strong>Josepho</strong></span> <span class='ocrx_word' id='word_1_177' title='bbox 1214 1720 1283 1763; x_wconf 89' lang='lat' dir='ltr'><strong>esse</strong></span> <span class='ocrx_word' id='word_1_178' title='bbox 1308 1701 1439 1782; x_wconf 89' lang='lat' dir='ltr'><strong>primum</strong></span> <span class='ocrx_word' id='word_1_179' title='bbox 1454 1700 1534 1782; x_wconf 81' lang='lat' dir='ltr'><strong>Olyn-</strong></span> 
     </span>
     <span class='ocr_line' id='line_1_18' title="bbox 210 1780 1534 1879; baseline -0.002 -26"><span class='ocrx_word' id='word_1_180' title='bbox 210 1790 310 1871; x_wconf 89' lang='lat' dir='ltr'><strong>piadis</strong></span> <span class='ocrx_word' id='word_1_181' title='bbox 326 1789 504 1871; x_wconf 85' lang='lat' dir='ltr'><strong>sequentis?</strong></span> <span class='ocrx_word' id='word_1_182' title='bbox 542 1788 569 1852; x_wconf 95' lang='lat' dir='ltr'><strong>O</strong></span> <span class='ocrx_word' id='word_1_183' title='bbox 586 1797 618 1850; x_wconf 91' lang='lat' dir='ltr'><strong>te</strong></span> <span class='ocrx_word' id='word_1_184' title='bbox 639 1781 825 1879; x_wconf 78' lang='lat' dir='ltr'><strong>oscitantem¹</strong></span> <span class='ocrx_word' id='word_1_185' title='bbox 843 1785 998 1852; x_wconf 87' lang='lat' dir='ltr'><strong>lectorem.</strong></span> <span class='ocrx_word' id='word_1_186' title='bbox 1036 1786 1071 1852; x_wconf 88' lang='lat' dir='ltr'><strong>Si</strong></span> <span class='ocrx_word' id='word_1_187' title='bbox 1095 1780 1285 1872; x_wconf 83' lang='lat' dir='ltr'><strong>Olympiadis</strong></span> <span class='ocrx_word' id='word_1_188' title='bbox 1309 1790 1458 1853; x_wconf 86' lang='lat' dir='ltr'><strong>ludicrum</strong></span> <span class='ocrx_word' id='word_1_189' title='bbox 1478 1791 1534 1852; x_wconf 84' lang='lat' dir='ltr'><strong>cele</strong></span> 
     </span>
     <span class='ocr_line' id='line_1_19' title="bbox 210 1874 1534 1953; baseline 0 -11"><span class='ocrx_word' id='word_1_190' title='bbox 210 1881 317 1942; x_wconf 87' lang='lat' dir='ltr'><strong>bratur</strong></span> <span class='ocrx_word' id='word_1_191' title='bbox 333 1885 454 1941; x_wconf 85' lang='lat' dir='ltr'><strong>aestate</strong></span> <span class='ocrx_word' id='word_1_192' title='bbox 471 1878 541 1940; x_wconf 88' lang='lat' dir='ltr'><strong>anui</strong></span> <span class='ocrx_word' id='word_1_193' title='bbox 557 1877 609 1953; x_wconf 87' lang='lat'><strong>38,</strong></span> <span class='ocrx_word' id='word_1_194' title='bbox 625 1886 696 1940; x_wconf 90' lang='lat' dir='ltr'><strong>tuno</strong></span> <span class='ocrx_word' id='word_1_195' title='bbox 711 1879 910 1942; x_wconf 88' lang='lat' dir='ltr'><strong>Macedonico</strong></span> <span class='ocrx_word' id='word_1_196' title='bbox 926 1897 1009 1942; x_wconf 87' lang='lat' dir='ltr'><strong>more</strong></span> <span class='ocrx_word' id='word_1_197' title='bbox 1026 1885 1201 1941; x_wconf 91' lang='lat' dir='ltr'><strong>autumnum</strong></span> <span class='ocrx_word' id='word_1_198' title='bbox 1217 1878 1288 1941; x_wconf 90' lang='lat' dir='ltr'><strong>anni</strong></span> <span class='ocrx_word' id='word_1_199' title='bbox 1304 1874 1357 1942; x_wconf 81' lang='grc'><strong>31.</strong></span> <span class='ocrx_word' id='word_1_200' title='bbox 1374 1879 1443 1942; x_wconf 90' lang='lat' dir='ltr'><strong>dico</strong></span> <span class='ocrx_word' id='word_1_201' title='bbox 1457 1881 1534 1942; x_wconf 86' lang='lat' dir='ltr'><strong>reierr</strong></span> 
     </span>
     <span class='ocr_line' id='line_1_20' title="bbox 211 1963 1534 2050; baseline -0.001 -20"><span class='ocrx_word' id='word_1_202' title='bbox 211 1969 251 2045; x_wconf 86' lang='lat' dir='ltr'><strong>ad</strong></span> <span class='ocrx_word' id='word_1_203' title='bbox 266 1967 444 2050; x_wconf 87' lang='lat' dir='ltr'><strong>principium</strong></span> <span class='ocrx_word' id='word_1_204' title='bbox 467 1967 537 2029; x_wconf 89' lang='lat' dir='ltr'><strong>anni</strong></span> <span class='ocrx_word' id='word_1_205' title='bbox 560 1967 660 2047; x_wconf 88' lang='lat' dir='ltr'><strong>primi,</strong></span> <span class='ocrx_word' id='word_1_206' title='bbox 682 1967 802 2030; x_wconf 88' lang='lat' dir='ltr'><strong>minime</strong></span> <span class='ocrx_word' id='word_1_207' title='bbox 823 1963 896 2031; x_wconf 85' lang='lat' dir='ltr'><strong>vero</strong></span> <span class='ocrx_word' id='word_1_208' title='bbox 920 1975 1094 2032; x_wconf 88' lang='lat' dir='ltr'><strong>autumnum</strong></span> <span class='ocrx_word' id='word_1_209' title='bbox 1116 1968 1188 2031; x_wconf 90' lang='lat' dir='ltr'><strong>anni</strong></span> <span class='ocrx_word' id='word_1_210' title='bbox 1203 1967 1255 2031; x_wconf 91' lang='grc'><strong>36.</strong></span> <span class='ocrx_word' id='word_1_211' title='bbox 1302 1967 1452 2032; x_wconf 86' lang='lat' dir='ltr'><strong>Omnibus</strong></span> <span class='ocrx_word' id='word_1_212' title='bbox 1468 1968 1534 2049; x_wconf 74' lang='lat' dir='ltr'><strong>ig&#39;tu</strong></span> 
     </span>
     <span class='ocr_line' id='line_1_21' title="bbox 208 2050 1534 2139; baseline -0.001 -20"><span class='ocrx_word' id='word_1_213' title='bbox 208 2057 307 2119; x_wconf 88' lang='lat' dir='ltr'><strong>modis</strong></span> <span class='ocrx_word' id='word_1_214' title='bbox 322 2057 372 2119; x_wconf 95' lang='lat' dir='ltr'><strong>hic</strong></span> <span class='ocrx_word' id='word_1_215' title='bbox 387 2057 548 2118; x_wconf 89' lang='lat' dir='ltr'><strong>frustrare:</strong></span> <span class='ocrx_word' id='word_1_216' title='bbox 579 2056 765 2119; x_wconf 91' lang='lat' dir='ltr'><strong>nullomodo</strong></span> <span class='ocrx_word' id='word_1_217' title='bbox 782 2050 886 2120; x_wconf 84' lang='lat' dir='ltr'><strong>debuit</strong></span> <span class='ocrx_word' id='word_1_218' title='bbox 904 2057 1057 2137; x_wconf 88' lang='lat' dir='ltr'><strong>Josephus</strong></span> <span class='ocrx_word' id='word_1_219' title='bbox 1079 2056 1292 2139; x_wconf 82' lang='lat' dir='ltr'><strong>Olympiadem</strong></span> <span class='ocrx_word' id='word_1_220' title='bbox 1317 2056 1390 2121; x_wconf 83' lang='lat'><strong>193.</strong></span> <span class='ocrx_word' id='word_1_221' title='bbox 1414 2057 1534 2130; x_wconf 61' lang='lat' dir='ltr'><strong>scribere,</strong></span> 
     </span>
     <span class='ocr_line' id='line_1_22' title="bbox 213 2144 1011 2227; baseline -0.004 -17"><span class='ocrx_word' id='word_1_222' title='bbox 213 2146 287 2210; x_wconf 89' lang='lat' dir='ltr'><strong>uihil</strong></span> <span class='ocrx_word' id='word_1_223' title='bbox 304 2165 407 2208; x_wconf 91' lang='lat' dir='ltr'><strong>eorum</strong></span> <span class='ocrx_word' id='word_1_224' title='bbox 421 2144 544 2226; x_wconf 90' lang='lat' dir='ltr'><strong>largior,</strong></span> <span class='ocrx_word' id='word_1_225' title='bbox 560 2164 637 2227; x_wconf 89' lang='lat' dir='ltr'><strong>qnae</strong></span> <span class='ocrx_word' id='word_1_226' title='bbox 653 2145 770 2208; x_wconf 83' lang='lat' dir='ltr'><strong>s01.2o.</strong></span> <span class='ocrx_word' id='word_1_227' title='bbox 786 2147 823 2209; x_wconf 92' lang='lat' dir='ltr'><strong>de</strong></span> <span class='ocrx_word' id='word_1_228' title='bbox 838 2164 887 2209; x_wconf 90' lang='lat' dir='ltr'><strong>me</strong></span> <span class='ocrx_word' id='word_1_229' title='bbox 897 2146 1011 2226; x_wconf 85' lang='lat' dir='ltr'><strong>jactas.</strong></span> 
     </span>
    </p>

    <p class='ocr_par' dir='ltr' id='par_1_6' title="bbox 212 2234 1534 2406">
     <span class='ocr_line' id='line_1_23' title="bbox 298 2234 1534 2317; baseline -0.002 -20"><span class='ocrx_word' id='word_1_230' title='bbox 298 2234 473 2298; x_wconf 79' lang='lat' dir='ltr'><strong>Leviculum</strong></span> <span class='ocrx_word' id='word_1_231' title='bbox 488 2235 537 2298; x_wconf 91' lang='lat' dir='ltr'><strong>hio</strong></span> <span class='ocrx_word' id='word_1_232' title='bbox 554 2242 616 2309; x_wconf 88' lang='lat' dir='ltr'><strong>est,</strong></span> <span class='ocrx_word' id='word_1_233' title='bbox 640 2235 719 2316; x_wconf 93' lang='lat' dir='ltr'><strong>quod</strong></span> <span class='ocrx_word' id='word_1_234' title='bbox 735 2235 801 2317; x_wconf 89' lang='lat' dir='ltr'><strong>quis</strong></span> <span class='ocrx_word' id='word_1_235' title='bbox 817 2235 990 2316; x_wconf 88' lang='lat' dir='ltr'><strong>disceptare</strong></span> <span class='ocrx_word' id='word_1_236' title='bbox 1013 2235 1127 2316; x_wconf 85' lang='lat' dir='ltr'><strong>possit:</strong></span> <span class='ocrx_word' id='word_1_237' title='bbox 1152 2254 1219 2297; x_wconf 90' lang='lat' dir='ltr'><strong>oum</strong></span> <span class='ocrx_word' id='word_1_238' title='bbox 1234 2255 1262 2296; x_wconf 91' lang='lat' dir='ltr'><strong>u.</strong></span> <span class='ocrx_word' id='word_1_239' title='bbox 1285 2234 1334 2297; x_wconf 91' lang='lat' dir='ltr'><strong>bis</strong></span> <span class='ocrx_word' id='word_1_240' title='bbox 1348 2235 1497 2317; x_wconf 89' lang='lat' dir='ltr'><strong>Josepbm</strong></span> <span class='ocrx_word' id='word_1_241' title='bbox 1513 2234 1534 2295; x_wconf 79' lang='lat' dir='ltr'><strong>h</strong></span> 
     </span>
     <span class='ocr_line' id='line_1_24' title="bbox 212 2323 1534 2406; baseline -0.005 -16"><span class='ocrx_word' id='word_1_242' title='bbox 212 2324 369 2390; x_wconf 81' lang='lat' dir='ltr'><strong>Caesarea</strong></span> <span class='ocrx_word' id='word_1_243' title='bbox 392 2330 481 2404; x_wconf 86' lang='lat' dir='ltr'><strong>agat,</strong></span> <span class='ocrx_word' id='word_1_244' title='bbox 505 2330 537 2385; x_wconf 92' lang='lat' dir='ltr'><strong>et</strong></span> <span class='ocrx_word' id='word_1_245' title='bbox 559 2324 678 2405; x_wconf 89' lang='lat' dir='ltr'><strong>quando</strong></span> <span class='ocrx_word' id='word_1_246' title='bbox 701 2325 773 2387; x_wconf 86' lang='lat' dir='ltr'><strong>urbs</strong></span> <span class='ocrx_word' id='word_1_247' title='bbox 789 2324 915 2387; x_wconf 88' lang='lat' dir='ltr'><strong>decreta</strong></span> <span class='ocrx_word' id='word_1_248' title='bbox 937 2331 969 2386; x_wconf 90' lang='lat' dir='ltr'><strong>et</strong></span> <span class='ocrx_word' id='word_1_249' title='bbox 985 2324 1104 2406; x_wconf 89' lang='lat' dir='ltr'><strong>quaudo</strong></span> <span class='ocrx_word' id='word_1_250' title='bbox 1124 2325 1282 2398; x_wconf 87' lang='lat' dir='ltr'><strong>dedicata,</strong></span> <span class='ocrx_word' id='word_1_251' title='bbox 1303 2323 1367 2386; x_wconf 92' lang='lat' dir='ltr'><strong>illic</strong></span> <span class='ocrx_word' id='word_1_252' title='bbox 1384 2325 1497 2406; x_wconf 88' lang='lat' dir='ltr'><strong>quidem</strong></span> <span class='ocrx_word' id='word_1_253' title='bbox 1510 2323 1534 2384; x_wconf 83' lang='lat' dir='ltr'><strong>ll</strong></span> 
     </span>
    </p>
   </div>
   <div class='ocr_carea' id='block_1_6' title="bbox 48 2411 1534 2495">
    <p class='ocr_par' dir='ltr' id='par_1_7' title="bbox 48 2411 1534 2495">
     <span class='ocr_line' id='line_1_25' title="bbox 48 2411 1534 2495; baseline 0 -20"><span class='ocrx_word' id='word_1_254' title='bbox 48 2434 53 2445; x_wconf 57' lang='lat'>²</span> <span class='ocrx_word' id='word_1_255' title='bbox 184 2478 187 2485; x_wconf 17' lang='grc' dir='ltr'><em>Α</em></span> <span class='ocrx_word' id='word_1_256' title='bbox 212 2413 299 2475; x_wconf 88' lang='lat' dir='ltr'><strong>aunis</strong></span> <span class='ocrx_word' id='word_1_257' title='bbox 323 2413 396 2476; x_wconf 90' lang='lat' dir='ltr'><strong>dicit</strong></span> <span class='ocrx_word' id='word_1_258' title='bbox 412 2413 504 2475; x_wconf 83' lang='lat' dir='ltr'><strong>luisse</strong></span> <span class='ocrx_word' id='word_1_259' title='bbox 523 2413 717 2488; x_wconf 83' lang='lat' dir='ltr'><strong>absolutam,</strong></span> <span class='ocrx_word' id='word_1_260' title='bbox 737 2413 875 2476; x_wconf 79' lang='lat' dir='ltr'><strong>hicuero</strong></span> <span class='ocrx_word' id='word_1_261' title='bbox 897 2420 1018 2476; x_wconf 90' lang='lat' dir='ltr'><strong>tantum</strong></span> <span class='ocrx_word' id='word_1_262' title='bbox 1042 2414 1092 2476; x_wconf 93' lang='grc'><strong>10.</strong></span> <span class='ocrx_word' id='word_1_263' title='bbox 1129 2415 1237 2495; x_wconf 86' lang='lat' dir='ltr'><strong>ltaque</strong></span> <span class='ocrx_word' id='word_1_264' title='bbox 1253 2413 1451 2476; x_wconf 81' lang='lat' dir='ltr'><strong>manifestum</strong></span> <span class='ocrx_word' id='word_1_265' title='bbox 1464 2411 1534 2475; x_wconf 75' lang='lat' dir='ltr'><strong>etit</strong></span> 
     </span>
    </p>
   </div>
   <div class='ocr_carea' id='block_1_7' title="bbox 127 2502 1534 4821">
    <p class='ocr_par' dir='ltr' id='par_1_8' title="bbox 168 2502 1534 3746">
     <span class='ocr_line' id='line_1_26' title="bbox 211 2502 1534 2589; baseline 0 -25"><span class='ocrx_word' id='word_1_266' title='bbox 211 2502 351 2584; x_wconf 85' lang='lat' dir='ltr'><strong>sphalma</strong></span> <span class='ocrx_word' id='word_1_267' title='bbox 372 2506 484 2588; x_wconf 74' lang='lat' dir='ltr'><strong>tasarq</strong></span> <span class='ocrx_word' id='word_1_268' title='bbox 504 2518 562 2583; x_wconf 86' lang='lat' dir='ltr'><strong>pro</strong></span> <span class='ocrx_word' id='word_1_269' title='bbox 585 2506 749 2589; x_wconf 76' lang='lat' dir='ltr'><strong>totseaaq.</strong></span> <span class='ocrx_word' id='word_1_270' title='bbox 793 2504 874 2566; x_wconf 76' lang='lat' dir='ltr'><strong>N‘am</strong></span> <span class='ocrx_word' id='word_1_271' title='bbox 891 2524 910 2565; x_wconf 92' lang='lat' dir='ltr'><strong>a</strong></span> <span class='ocrx_word' id='word_1_272' title='bbox 926 2503 984 2577; x_wconf 83' lang='lat'><strong>24,</strong></span> <span class='ocrx_word' id='word_1_273' title='bbox 1007 2503 1127 2584; x_wconf 88' lang='lat' dir='ltr'><strong>quando</strong></span> <span class='ocrx_word' id='word_1_274' title='bbox 1151 2502 1397 2566; x_wconf 77' lang='lat' dir='ltr'><strong>aedificationem</strong></span> <span class='ocrx_word' id='word_1_275' title='bbox 1422 2509 1534 2583; x_wconf 83' lang='lat' dir='ltr'><strong>coeptm</strong></span> 
     </span>
     <span class='ocr_line' id='line_1_27' title="bbox 211 2590 1534 2674; baseline -0.003 -20"><span class='ocrx_word' id='word_1_276' title='bbox 211 2612 281 2654; x_wconf 88' lang='lat' dir='ltr'><strong>osse</strong></span> <span class='ocrx_word' id='word_1_277' title='bbox 295 2592 458 2654; x_wconf 89' lang='lat' dir='ltr'><strong>verisimile</strong></span> <span class='ocrx_word' id='word_1_278' title='bbox 474 2599 532 2666; x_wconf 78' lang='lat' dir='ltr'><strong>est,</strong></span> <span class='ocrx_word' id='word_1_279' title='bbox 547 2590 683 2673; x_wconf 85' lang='lat' dir='ltr'><strong>proximo</strong></span> <span class='ocrx_word' id='word_1_280' title='bbox 700 2611 779 2655; x_wconf 87' lang='lat' dir='ltr'><strong>anno</strong></span> <span class='ocrx_word' id='word_1_281' title='bbox 794 2600 957 2674; x_wconf 88' lang='lat' dir='ltr'><strong>postquam</strong></span> <span class='ocrx_word' id='word_1_282' title='bbox 972 2593 1135 2667; x_wconf 87' lang='lat' dir='ltr'><strong>decretum,</strong></span> <span class='ocrx_word' id='word_1_283' title='bbox 1151 2592 1182 2655; x_wconf 93' lang='lat' dir='ltr'><strong>in</strong></span> <span class='ocrx_word' id='word_1_284' title='bbox 1197 2591 1249 2655; x_wconf 86' lang='lat'><strong>36.</strong></span> <span class='ocrx_word' id='word_1_285' title='bbox 1258 2591 1417 2654; x_wconf 77' lang='lat' dir='ltr'><strong>sulianum</strong></span> <span class='ocrx_word' id='word_1_286' title='bbox 1433 2599 1497 2656; x_wconf 90' lang='lat' dir='ltr'><strong>sunt</strong></span> <span class='ocrx_word' id='word_1_287' title='bbox 1510 2590 1534 2651; x_wconf 82' lang='lat' dir='ltr'><strong>ll</strong></span> 
     </span>
     <span class='ocr_line' id='line_1_28' title="bbox 213 2678 1534 2763; baseline -0.003 -17"><span class='ocrx_word' id='word_1_288' title='bbox 213 2681 292 2746; x_wconf 88' lang='lat' dir='ltr'><strong>anni.</strong></span> <span class='ocrx_word' id='word_1_289' title='bbox 322 2681 475 2744; x_wconf 92' lang='lat' dir='ltr'><strong>Ludorum</strong></span> <span class='ocrx_word' id='word_1_290' title='bbox 492 2680 524 2743; x_wconf 91' lang='lat' dir='ltr'><strong>iu</strong></span> <span class='ocrx_word' id='word_1_291' title='bbox 540 2681 632 2743; x_wconf 87' lang='lat' dir='ltr'><strong>tertio</strong></span> <span class='ocrx_word' id='word_1_292' title='bbox 649 2679 839 2763; x_wconf 88' lang='lat' dir='ltr'><strong>Olympiadis</strong></span> <span class='ocrx_word' id='word_1_293' title='bbox 853 2679 1061 2745; x_wconf 79' lang='lat' dir='ltr'><strong>institutorum</strong></span> <span class='ocrx_word' id='word_1_294' title='bbox 1077 2701 1200 2744; x_wconf 89' lang='lat' dir='ltr'><strong>causam</strong></span> <span class='ocrx_word' id='word_1_295' title='bbox 1216 2700 1285 2743; x_wconf 88' lang='lat' dir='ltr'><strong>esse</strong></span> <span class='ocrx_word' id='word_1_296' title='bbox 1299 2688 1375 2762; x_wconf 90' lang='lat' dir='ltr'><strong>puto</strong></span> <span class='ocrx_word' id='word_1_297' title='bbox 1391 2678 1534 2744; x_wconf 75' lang='lat' dir='ltr'><strong>vicennalia</strong></span> 
     </span>
     <span class='ocr_line' id='line_1_29' title="bbox 168 2768 1534 2858; baseline 0 -26"><span class='ocrx_word' id='word_1_298' title='bbox 168 2845 178 2858; x_wconf 21' lang='grc' dir='ltr'>κ</span> <span class='ocrx_word' id='word_1_299' title='bbox 213 2770 326 2833; x_wconf 87' lang='lat' dir='ltr'><strong>devicti</strong></span> <span class='ocrx_word' id='word_1_300' title='bbox 341 2770 468 2835; x_wconf 82' lang='lat' dir='ltr'><strong>Antonii</strong></span> <span class='ocrx_word' id='word_1_301' title='bbox 491 2777 524 2831; x_wconf 91' lang='lat' dir='ltr'><strong>et</strong></span> <span class='ocrx_word' id='word_1_302' title='bbox 538 2770 690 2852; x_wconf 82' lang='lat' dir='ltr'><strong>Aegypti,</strong></span> <span class='ocrx_word' id='word_1_303' title='bbox 714 2778 825 2853; x_wconf 78' lang='lat' dir='ltr'><strong>exque</strong></span> <span class='ocrx_word' id='word_1_304' title='bbox 841 2777 978 2851; x_wconf 84' lang='lat' dir='ltr'><strong>tempore</strong></span> <span class='ocrx_word' id='word_1_305' title='bbox 994 2768 1112 2834; x_wconf 86' lang='lat' dir='ltr'><strong>Caesar</strong></span> <span class='ocrx_word' id='word_1_306' title='bbox 1126 2771 1210 2834; x_wconf 90' lang='lat' dir='ltr'><strong>solus</strong></span> <span class='ocrx_word' id='word_1_307' title='bbox 1231 2770 1359 2850; x_wconf 89' lang='lat' dir='ltr'><strong>irnperio</strong></span> <span class='ocrx_word' id='word_1_308' title='bbox 1379 2768 1534 2851; x_wconf 84' lang='lat' dir='ltr'><strong>praesertin</strong></span> 
     </span>
     <span class='ocr_line' id='line_1_30' title="bbox 213 2856 1534 2942; baseline -0.001 -20"><span class='ocrx_word' id='word_1_309' title='bbox 213 2859 322 2942; x_wconf 88' lang='lat' dir='ltr'><strong>Syriae</strong></span> <span class='ocrx_word' id='word_1_310' title='bbox 346 2859 464 2941; x_wconf 87' lang='lat' dir='ltr'><strong>potitus</strong></span> <span class='ocrx_word' id='word_1_311' title='bbox 489 2866 553 2921; x_wconf 87' lang='lat' dir='ltr'><strong>est:</strong></span> <span class='ocrx_word' id='word_1_312' title='bbox 594 2881 613 2921; x_wconf 90' lang='lat' dir='ltr'><strong>a</strong></span> <span class='ocrx_word' id='word_1_313' title='bbox 643 2879 700 2942; x_wconf 94' lang='lat' dir='ltr'><strong>quo</strong></span> <span class='ocrx_word' id='word_1_314' title='bbox 730 2860 869 2923; x_wconf 88' lang='lat' dir='ltr'><strong>Herodes</strong></span> <span class='ocrx_word' id='word_1_315' title='bbox 899 2858 1073 2924; x_wconf 86' lang='lat' dir='ltr'><strong>Caesareae</strong></span> <span class='ocrx_word' id='word_1_316' title='bbox 1106 2880 1179 2923; x_wconf 88' lang='lat' dir='ltr'><strong>suae</strong></span> <span class='ocrx_word' id='word_1_317' title='bbox 1218 2859 1329 2940; x_wconf 83' lang='lat' dir='ltr'><strong>Syriae</strong></span> <span class='ocrx_word' id='word_1_318' title='bbox 1359 2856 1428 2922; x_wconf 94' lang='lat' dir='ltr'><strong>urbi</strong></span> <span class='ocrx_word' id='word_1_319' title='bbox 1451 2877 1534 2921; x_wconf 82' lang='lat' dir='ltr'><strong>nomo</strong></span> 
     </span>
     <span class='ocr_line' id='line_1_31' title="bbox 210 2947 1534 3031; baseline -0.001 -20"><span class='ocrx_word' id='word_1_320' title='bbox 210 2949 320 3030; x_wconf 88' lang='lat' dir='ltr'><strong>posuit.</strong></span> <span class='ocrx_word' id='word_1_321' title='bbox 345 2949 416 3011; x_wconf 86' lang='lat' dir='ltr'><strong>Jam</strong></span> <span class='ocrx_word' id='word_1_322' title='bbox 432 2956 465 3010; x_wconf 91' lang='lat' dir='ltr'><strong>et</strong></span> <span class='ocrx_word' id='word_1_323' title='bbox 480 2947 588 3010; x_wconf 88' lang='lat' dir='ltr'><strong>ultima</strong></span> <span class='ocrx_word' id='word_1_324' title='bbox 603 2949 736 3011; x_wconf 89' lang='lat' dir='ltr'><strong>Herodis</strong></span> <span class='ocrx_word' id='word_1_325' title='bbox 752 2949 959 3031; x_wconf 87' lang='lat' dir='ltr'><strong>peregrinatio</strong></span> <span class='ocrx_word' id='word_1_326' title='bbox 969 2950 1098 3013; x_wconf 82' lang='lat' dir='ltr'><strong>Romam</strong></span> <span class='ocrx_word' id='word_1_327' title='bbox 1115 2949 1283 3030; x_wconf 87' lang='lat' dir='ltr'><strong>aJosepho</strong></span> <span class='ocrx_word' id='word_1_328' title='bbox 1299 2957 1534 3012; x_wconf 84' lang='lat' dir='ltr'><strong>commemoratur</strong></span> 
     </span>
     <span class='ocr_line' id='line_1_32' title="bbox 211 3037 1534 3120; baseline -0.002 -20"><span class='ocrx_word' id='word_1_329' title='bbox 211 3058 291 3100; x_wconf 88' lang='lat' dir='ltr'><strong>auno</strong></span> <span class='ocrx_word' id='word_1_330' title='bbox 314 3057 350 3100; x_wconf 88' lang='lat' dir='ltr'><strong>eo</strong></span> <span class='ocrx_word' id='word_1_331' title='bbox 375 3056 433 3119; x_wconf 92' lang='lat' dir='ltr'><strong>quo</strong></span> <span class='ocrx_word' id='word_1_332' title='bbox 456 3037 614 3100; x_wconf 88' lang='lat' dir='ltr'><strong>celebrata</strong></span> <span class='ocrx_word' id='word_1_333' title='bbox 636 3038 693 3100; x_wconf 84' lang='lat' dir='ltr'><strong>fuit</strong></span> <span class='ocrx_word' id='word_1_334' title='bbox 717 3038 892 3120; x_wconf 88' lang='lat' dir='ltr'><strong>Olympias,</strong></span> <span class='ocrx_word' id='word_1_335' title='bbox 916 3059 995 3102; x_wconf 92' lang='lat' dir='ltr'><strong>anno</strong></span> <span class='ocrx_word' id='word_1_336' title='bbox 1019 3056 1060 3102; x_wconf 89' lang='lat' dir='ltr'><strong>so.</strong></span> <span class='ocrx_word' id='word_1_337' title='bbox 1076 3038 1127 3102; x_wconf 88' lang='lat'><strong>38.</strong></span> <span class='ocrx_word' id='word_1_338' title='bbox 1141 3038 1273 3113; x_wconf 85' lang='lat' dir='ltr'><strong>Juliauo,</strong></span> <span class='ocrx_word' id='word_1_339' title='bbox 1295 3039 1419 3119; x_wconf 82' lang='lat' dir='ltr'><strong>quaudo</strong></span> <span class='ocrx_word' id='word_1_340' title='bbox 1434 3045 1466 3100; x_wconf 91' lang='lat' dir='ltr'><strong>et</strong></span> <span class='ocrx_word' id='word_1_341' title='bbox 1478 3037 1534 3101; x_wconf 91' lang='lat' dir='ltr'><strong>Dior</strong></span> 
     </span>
     <span class='ocr_line' id='line_1_33' title="bbox 213 3125 1534 3211; baseline -0.002 -21"><span class='ocrx_word' id='word_1_342' title='bbox 213 3125 379 3190; x_wconf 83' lang='lat' dir='ltr'><strong>Caesarem</strong></span> <span class='ocrx_word' id='word_1_343' title='bbox 401 3127 518 3189; x_wconf 87' lang='lat' dir='ltr'><strong>Romae</strong></span> <span class='ocrx_word' id='word_1_344' title='bbox 548 3127 643 3190; x_wconf 90' lang='lat' dir='ltr'><strong>habet</strong></span> <span class='ocrx_word' id='word_1_345' title='bbox 673 3134 705 3189; x_wconf 90' lang='lat' dir='ltr'><strong>et</strong></span> <span class='ocrx_word' id='word_1_346' title='bbox 737 3129 856 3211; x_wconf 78' lang='lat' dir='ltr'><strong>quaudo</strong></span> <span class='ocrx_word' id='word_1_347' title='bbox 887 3128 1005 3193; x_wconf 83' lang='lat' dir='ltr'><strong>Caesar</strong></span> <span class='ocrx_word' id='word_1_348' title='bbox 1033 3129 1162 3208; x_wconf 93' lang='lat' dir='ltr'><strong>primum</strong></span> <span class='ocrx_word' id='word_1_349' title='bbox 1185 3128 1347 3208; x_wconf 87' lang='lat' dir='ltr'><strong>Augustus</strong></span> <span class='ocrx_word' id='word_1_350' title='bbox 1364 3136 1423 3190; x_wconf 62' lang='lat' dir='ltr'><strong>»est</strong></span> <span class='ocrx_word' id='word_1_351' title='bbox 1446 3127 1534 3190; x_wconf 87' lang='lat' dir='ltr'><strong>dictus</strong></span> 
     </span>
     <span class='ocr_line' id='line_1_34' title="bbox 209 3215 1534 3299; baseline -0.001 -21"><span class='ocrx_word' id='word_1_352' title='bbox 209 3224 374 3299; x_wconf 88' lang='lat' dir='ltr'><strong>postquam</strong></span> <span class='ocrx_word' id='word_1_353' title='bbox 394 3215 533 3279; x_wconf 91' lang='lat' dir='ltr'><strong>Herodes</strong></span> <span class='ocrx_word' id='word_1_354' title='bbox 556 3216 769 3280; x_wconf 87' lang='lat' dir='ltr'><strong>reconciliatus</strong></span> <span class='ocrx_word' id='word_1_355' title='bbox 792 3224 876 3279; x_wconf 88' lang='lat' dir='ltr'><strong>esset</strong></span> <span class='ocrx_word' id='word_1_356' title='bbox 898 3218 995 3280; x_wconf 88' lang='lat' dir='ltr'><strong>denuo</strong></span> <span class='ocrx_word' id='word_1_357' title='bbox 1017 3216 1087 3280; x_wconf 83' lang='lat' dir='ltr'><strong>filiis</strong></span> <span class='ocrx_word' id='word_1_358' title='bbox 1110 3217 1173 3281; x_wconf 91' lang='lat' dir='ltr'><strong>suis</strong></span> <span class='ocrx_word' id='word_1_359' title='bbox 1195 3236 1234 3280; x_wconf 91' lang='lat' dir='ltr'><strong>ex</strong></span> <span class='ocrx_word' id='word_1_360' title='bbox 1253 3216 1441 3291; x_wconf 87' lang='lat' dir='ltr'><strong>Mariamue,</strong></span> <span class='ocrx_word' id='word_1_361' title='bbox 1460 3217 1534 3278; x_wconf 85' lang='lat' dir='ltr'><strong>inter·</strong></span> 
     </span>
     <span class='ocr_line' id='line_1_35' title="bbox 211 3304 1534 3388; baseline -0.002 -20"><span class='ocrx_word' id='word_1_362' title='bbox 211 3306 339 3368; x_wconf 89' lang='lat' dir='ltr'><strong>cedente</strong></span> <span class='ocrx_word' id='word_1_363' title='bbox 361 3305 516 3369; x_wconf 88' lang='lat' dir='ltr'><strong>Archelao</strong></span> <span class='ocrx_word' id='word_1_364' title='bbox 533 3304 747 3386; x_wconf 84' lang='lat' dir='ltr'><strong>Cappadociae</strong></span> <span class='ocrx_word' id='word_1_365' title='bbox 767 3326 855 3388; x_wconf 91' lang='lat' dir='ltr'><strong>rege,</strong></span> <span class='ocrx_word' id='word_1_366' title='bbox 877 3307 1004 3370; x_wconf 85' lang='lat' dir='ltr'><strong>liliorum</strong></span> <span class='ocrx_word' id='word_1_367' title='bbox 1027 3306 1153 3370; x_wconf 85' lang='lat' dir='ltr'><strong>alterins</strong></span> <span class='ocrx_word' id='word_1_368' title='bbox 1174 3325 1296 3369; x_wconf 84' lang='lat' dir='ltr'><strong>socero:</strong></span> <span class='ocrx_word' id='word_1_369' title='bbox 1328 3324 1365 3368; x_wconf 88' lang='lat' dir='ltr'><strong>eo</strong></span> <span class='ocrx_word' id='word_1_370' title='bbox 1389 3306 1421 3369; x_wconf 93' lang='lat' dir='ltr'><strong>in</strong></span> <span class='ocrx_word' id='word_1_371' title='bbox 1445 3304 1534 3369; x_wconf 85' lang='lat' dir='ltr'><strong>ludion</strong></span> 
     </span>
     <span class='ocr_line' id='line_1_36' title="bbox 208 3393 1534 3479; baseline -0.002 -23"><span class='ocrx_word' id='word_1_372' title='bbox 208 3395 349 3457; x_wconf 88' lang='lat' dir='ltr'><strong>Herodes</strong></span> <span class='ocrx_word' id='word_1_373' title='bbox 372 3395 514 3479; x_wconf 83' lang='lat' dir='ltr'><strong>scribitur</strong></span> <span class='ocrx_word' id='word_1_374' title='bbox 535 3395 736 3475; x_wconf 86' lang='lat' dir='ltr'><strong>Agonotheta</strong></span> <span class='ocrx_word' id='word_1_375' title='bbox 765 3397 873 3459; x_wconf 85' lang='lat' dir='ltr'><strong>iactus.</strong></span> <span class='ocrx_word' id='word_1_376' title='bbox 917 3396 1034 3459; x_wconf 88' lang='lat' dir='ltr'><strong>Eodem</strong></span> <span class='ocrx_word' id='word_1_377' title='bbox 1056 3416 1136 3459; x_wconf 91' lang='lat' dir='ltr'><strong>anuo</strong></span> <span class='ocrx_word' id='word_1_378' title='bbox 1159 3403 1192 3470; x_wconf 88' lang='lat' dir='ltr'><strong>et</strong></span> <span class='ocrx_word' id='word_1_379' title='bbox 1212 3395 1283 3458; x_wconf 90' lang='lat' dir='ltr'><strong>Tito</strong></span> <span class='ocrx_word' id='word_1_380' title='bbox 1306 3394 1429 3459; x_wconf 86' lang='lat' dir='ltr'><strong>cuidam</strong></span> <span class='ocrx_word' id='word_1_381' title='bbox 1449 3393 1534 3477; x_wconf 75' lang='lat' dir='ltr'><strong>Syrio</strong></span> 
     </span>
     <span class='ocr_line' id='line_1_37' title="bbox 208 3483 1534 3567; baseline -0.002 -20"><span class='ocrx_word' id='word_1_382' title='bbox 208 3483 359 3566; x_wconf 87' lang='lat' dir='ltr'><strong>praesidi,</strong></span> <span class='ocrx_word' id='word_1_383' title='bbox 382 3502 469 3566; x_wconf 92' lang='lat' dir='ltr'><strong>quem</strong></span> <span class='ocrx_word' id='word_1_384' title='bbox 484 3484 624 3547; x_wconf 90' lang='lat' dir='ltr'><strong>Herodes</strong></span> <span class='ocrx_word' id='word_1_385' title='bbox 645 3484 819 3567; x_wconf 89' lang='lat' dir='ltr'><strong>priusquam</strong></span> <span class='ocrx_word' id='word_1_386' title='bbox 834 3485 972 3548; x_wconf 85' lang='lat' dir='ltr'><strong>Romam</strong></span> <span class='ocrx_word' id='word_1_387' title='bbox 986 3484 1087 3548; x_wconf 91' lang='lat' dir='ltr'><strong>abiret</strong></span> <span class='ocrx_word' id='word_1_388' title='bbox 1108 3483 1283 3548; x_wconf 86' lang='lat' dir='ltr'><strong>conciliavit</strong></span> <span class='ocrx_word' id='word_1_389' title='bbox 1297 3483 1463 3558; x_wconf 87' lang='lat' dir='ltr'><strong>Archelao,</strong></span> <span class='ocrx_word' id='word_1_390' title='bbox 1485 3501 1534 3545; x_wconf 84' lang='lat' dir='ltr'><strong>suo</strong></span> 
     </span>
     <span class='ocr_line' id='line_1_38' title="bbox 208 3572 1534 3657; baseline -0.001 -22"><span class='ocrx_word' id='word_1_391' title='bbox 208 3591 312 3636; x_wconf 88' lang='lat' dir='ltr'><strong>cessor</strong></span> <span class='ocrx_word' id='word_1_392' title='bbox 326 3573 436 3636; x_wconf 88' lang='lat' dir='ltr'><strong>missus</strong></span> <span class='ocrx_word' id='word_1_393' title='bbox 452 3581 501 3635; x_wconf 90' lang='lat' dir='ltr'><strong>est</strong></span> <span class='ocrx_word' id='word_1_394' title='bbox 516 3572 708 3649; x_wconf 87' lang='lat' dir='ltr'><strong>Saturninus,</strong></span> <span class='ocrx_word' id='word_1_395' title='bbox 724 3573 805 3655; x_wconf 88' lang='lat' dir='ltr'><strong>apud</strong></span> <span class='ocrx_word' id='word_1_396' title='bbox 820 3594 907 3657; x_wconf 88' lang='lat' dir='ltr'><strong>quem</strong></span> <span class='ocrx_word' id='word_1_397' title='bbox 922 3575 1079 3637; x_wconf 89' lang='lat' dir='ltr'><strong>accusavit</strong></span> <span class='ocrx_word' id='word_1_398' title='bbox 1093 3574 1232 3639; x_wconf 87' lang='lat' dir='ltr'><strong>Herodes</strong></span> <span class='ocrx_word' id='word_1_399' title='bbox 1248 3573 1408 3654; x_wconf 87' lang='lat' dir='ltr'><strong>Syllaeum</strong></span> <span class='ocrx_word' id='word_1_400' title='bbox 1422 3573 1534 3637; x_wconf 85' lang='lat' dir='ltr'><strong>Arabon</strong></span> 
     </span>
     <span class='ocr_line' id='line_1_39' title="bbox 208 3661 1246 3746; baseline 0 -22"><span class='ocrx_word' id='word_1_401' title='bbox 208 3668 241 3724; x_wconf 92' lang='lat' dir='ltr'><strong>et</strong></span> <span class='ocrx_word' id='word_1_402' title='bbox 255 3681 395 3725; x_wconf 85' lang='lat' dir='ltr'><strong>reversus</strong></span> <span class='ocrx_word' id='word_1_403' title='bbox 410 3661 510 3725; x_wconf 89' lang='lat' dir='ltr'><strong>Roma</strong></span> <span class='ocrx_word' id='word_1_404' title='bbox 526 3663 590 3742; x_wconf 87' lang='lat' dir='ltr'><strong>ejus</strong></span> <span class='ocrx_word' id='word_1_405' title='bbox 607 3664 878 3727; x_wconf 89' lang='lat' dir='ltr'><strong>concessubellum</strong></span> <span class='ocrx_word' id='word_1_406' title='bbox 893 3664 1028 3746; x_wconf 88' lang='lat' dir='ltr'><strong>suscepit</strong></span> <span class='ocrx_word' id='word_1_407' title='bbox 1042 3665 1072 3726; x_wconf 94' lang='lat' dir='ltr'><strong>iu</strong></span> <span class='ocrx_word' id='word_1_408' title='bbox 1088 3663 1246 3727; x_wconf 87' lang='lat' dir='ltr'><strong>Arabiam.</strong></span> 
     </span>
    </p>

    <p class='ocr_par' dir='ltr' id='par_1_9' title="bbox 127 3750 1534 4821">
     <span class='ocr_line' id='line_1_40' title="bbox 294 3750 1534 3835; baseline -0.002 -20"><span class='ocrx_word' id='word_1_409' title='bbox 294 3753 455 3834; x_wconf 88' lang='lat' dir='ltr'><strong>Hucusque</strong></span> <span class='ocrx_word' id='word_1_410' title='bbox 472 3771 521 3815; x_wconf 89' lang='lat' dir='ltr'><strong>res</strong></span> <span class='ocrx_word' id='word_1_411' title='bbox 536 3751 693 3816; x_wconf 88' lang='lat' dir='ltr'><strong>Romanas</strong></span> <span class='ocrx_word' id='word_1_412' title='bbox 710 3752 802 3829; x_wconf 89' lang='lat' dir='ltr'><strong>certis</strong></span> <span class='ocrx_word' id='word_1_413' title='bbox 817 3760 986 3835; x_wconf 88' lang='lat' dir='ltr'><strong>temporum</strong></span> <span class='ocrx_word' id='word_1_414' title='bbox 1002 3752 1138 3816; x_wconf 88' lang='lat' dir='ltr'><strong>articulis</strong></span> <span class='ocrx_word' id='word_1_415' title='bbox 1154 3760 1187 3814; x_wconf 93' lang='lat' dir='ltr'><strong>et</strong></span> <span class='ocrx_word' id='word_1_416' title='bbox 1203 3751 1292 3817; x_wconf 87' lang='lat' dir='ltr'><strong>Ooss</strong></span> <span class='ocrx_word' id='word_1_417' title='bbox 1310 3750 1455 3814; x_wconf 81' lang='lat' dir='ltr'><strong>distinxit</strong></span> <span class='ocrx_word' id='word_1_418' title='bbox 1467 3751 1534 3814; x_wconf 89' lang='lat' dir='ltr'><strong>Dior</strong></span> 
     </span>
     <span class='ocr_line' id='line_1_41' title="bbox 211 3838 1534 3926; baseline -0.005 -21"><span class='ocrx_word' id='word_1_419' title='bbox 211 3842 250 3905; x_wconf 88' lang='lat' dir='ltr'><strong>ad</strong></span> <span class='ocrx_word' id='word_1_420' title='bbox 266 3861 376 3905; x_wconf 89' lang='lat' dir='ltr'><strong>aunum</strong></span> <span class='ocrx_word' id='word_1_421' title='bbox 390 3861 485 3926; x_wconf 88' lang='lat' dir='ltr'><strong>usqne</strong></span> <span class='ocrx_word' id='word_1_422' title='bbox 501 3842 552 3905; x_wconf 83' lang='lat'><strong>40.</strong></span> <span class='ocrx_word' id='word_1_423' title='bbox 567 3842 721 3904; x_wconf 87' lang='lat' dir='ltr'><strong>Juliauum</strong></span> <span class='ocrx_word' id='word_1_424' title='bbox 732 3846 931 3923; x_wconf 63' lang='lat' dir='ltr'><strong>&#39;progressum</strong></span> <span class='ocrx_word' id='word_1_425' title='bbox 956 3862 994 3904; x_wconf 86' lang='lat' dir='ltr'><strong>ex</strong></span> <span class='ocrx_word' id='word_1_426' title='bbox 1010 3862 1045 3904; x_wconf 91' lang='lat' dir='ltr'><strong>eo</strong></span> <span class='ocrx_word' id='word_1_427' title='bbox 1061 3842 1165 3904; x_wconf 88' lang='lat' dir='ltr'><strong>hiatus</strong></span> <span class='ocrx_word' id='word_1_428' title='bbox 1187 3843 1237 3903; x_wconf 87' lang='lat' dir='ltr'><strong>est</strong></span> <span class='ocrx_word' id='word_1_429' title='bbox 1256 3840 1289 3903; x_wconf 92' lang='lat' dir='ltr'><strong>iu</strong></span> <span class='ocrx_word' id='word_1_430' title='bbox 1304 3840 1437 3905; x_wconf 87' lang='lat' dir='ltr'><strong>historia</strong></span> <span class='ocrx_word' id='word_1_431' title='bbox 1450 3838 1534 3903; x_wconf 88' lang='lat' dir='ltr'><strong>Dioni</strong></span> 
     </span>
     <span class='ocr_line' id='line_1_42' title="bbox 210 3930 1534 4014; baseline 0 -22"><span class='ocrx_word' id='word_1_432' title='bbox 210 3951 355 3994; x_wconf 89' lang='lat' dir='ltr'><strong>annorum</strong></span> <span class='ocrx_word' id='word_1_433' title='bbox 371 3932 407 4006; x_wconf 89' lang='lat'><strong>3,</strong></span> <span class='ocrx_word' id='word_1_434' title='bbox 431 3950 508 4012; x_wconf 87' lang='lat' dir='ltr'><strong>quos</strong></span> <span class='ocrx_word' id='word_1_435' title='bbox 523 3931 704 3994; x_wconf 76' lang='lat' dir='ltr'><strong>intrecedit</strong></span> <span class='ocrx_word' id='word_1_436' title='bbox 719 3951 799 3994; x_wconf 91' lang='lat' dir='ltr'><strong>mors</strong></span> <span class='ocrx_word' id='word_1_437' title='bbox 815 3932 955 3995; x_wconf 87' lang='lat' dir='ltr'><strong>Herodis.</strong></span> <span class='ocrx_word' id='word_1_438' title='bbox 1001 3933 1109 4013; x_wconf 87' lang='lat' dir='ltr'><strong>Itaque</strong></span> <span class='ocrx_word' id='word_1_439' title='bbox 1125 3949 1205 4014; x_wconf 87' lang='lat' dir='ltr'><strong>quae·</strong></span> <span class='ocrx_word' id='word_1_440' title='bbox 1224 3936 1347 3993; x_wconf 89' lang='lat' dir='ltr'><strong>restant</strong></span> <span class='ocrx_word' id='word_1_441' title='bbox 1361 3930 1491 3994; x_wconf 85' lang='lat' dir='ltr'><strong>Herodis</strong></span> <span class='ocrx_word' id='word_1_442' title='bbox 1504 3948 1534 3992; x_wconf 79' lang='lat' dir='ltr'><strong>re</strong></span> 
     </span>
     <span class='ocr_line' id='line_1_43' title="bbox 210 4019 1534 4102; baseline -0.002 -19"><span class='ocrx_word' id='word_1_443' title='bbox 210 4021 248 4084; x_wconf 89' lang='lat' dir='ltr'><strong>ab</strong></span> <span class='ocrx_word' id='word_1_444' title='bbox 272 4041 351 4082; x_wconf 91' lang='lat' dir='ltr'><strong>auno</strong></span> <span class='ocrx_word' id='word_1_445' title='bbox 367 4021 489 4084; x_wconf 90' lang='lat' dir='ltr'><strong>Juliauo</strong></span> <span class='ocrx_word' id='word_1_446' title='bbox 512 4020 571 4094; x_wconf 87' lang='grc'><strong>38,</strong></span> <span class='ocrx_word' id='word_1_447' title='bbox 592 4021 678 4101; x_wconf 91' lang='lat' dir='ltr'><strong>regui</strong></span> <span class='ocrx_word' id='word_1_448' title='bbox 693 4020 825 4083; x_wconf 87' lang='lat' dir='ltr'><strong>Herodis</strong></span> <span class='ocrx_word' id='word_1_449' title='bbox 839 4021 899 4096; x_wconf 88' lang='grc'><strong>30,</strong></span> <span class='ocrx_word' id='word_1_450' title='bbox 922 4021 962 4083; x_wconf 91' lang='lat' dir='ltr'><strong>ad</strong></span> <span class='ocrx_word' id='word_1_451' title='bbox 984 4025 1142 4084; x_wconf 82' lang='lat' dir='ltr'><strong>excessum</strong></span> <span class='ocrx_word' id='word_1_452' title='bbox 1156 4019 1236 4100; x_wconf 89' lang='lat' dir='ltr'><strong>ejus,</strong></span> <span class='ocrx_word' id='word_1_453' title='bbox 1258 4039 1319 4082; x_wconf 93' lang='lat' dir='ltr'><strong>uon</strong></span> <span class='ocrx_word' id='word_1_454' title='bbox 1336 4021 1466 4102; x_wconf 83' lang='lat' dir='ltr'><strong>amplius</strong></span> <span class='ocrx_word' id='word_1_455' title='bbox 1479 4020 1534 4088; x_wconf 74' lang='lat' dir='ltr'><strong>adel</strong></span> 
     </span>
     <span class='ocr_line' id='line_1_44' title="bbox 209 4107 1534 4189; baseline -0.003 -16"><span class='ocrx_word' id='word_1_456' title='bbox 209 4109 380 4173; x_wconf 84' lang='lat' dir='ltr'><strong>manifestis</strong></span> <span class='ocrx_word' id='word_1_457' title='bbox 401 4109 520 4173; x_wconf 90' lang='lat' dir='ltr'><strong>iudiciis</strong></span> <span class='ocrx_word' id='word_1_458' title='bbox 543 4117 764 4172; x_wconf 88' lang='lat' dir='ltr'><strong>connectuntur</strong></span> <span class='ocrx_word' id='word_1_459' title='bbox 790 4129 856 4172; x_wconf 87' lang='lat' dir='ltr'><strong>eum</strong></span> <span class='ocrx_word' id='word_1_460' title='bbox 878 4111 968 4173; x_wconf 91' lang='lat' dir='ltr'><strong>rebus</strong></span> <span class='ocrx_word' id='word_1_461' title='bbox 990 4110 1146 4173; x_wconf 88' lang='lat' dir='ltr'><strong>Romanis.</strong></span> <span class='ocrx_word' id='word_1_462' title='bbox 1192 4107 1268 4173; x_wconf 85' lang='lat' dir='ltr'><strong>Cum</strong></span> <span class='ocrx_word' id='word_1_463' title='bbox 1289 4109 1385 4189; x_wconf 88' lang='lat' dir='ltr'><strong>igitur</strong></span> <span class='ocrx_word' id='word_1_464' title='bbox 1406 4109 1534 4175; x_wconf 81' lang='lat' dir='ltr'><strong>Calvisio</strong></span> 
     </span>
     <span class='ocr_line' id='line_1_45' title="bbox 127 4198 1534 4281; baseline -0.001 -18"><span class='ocrx_word' id='word_1_465' title='bbox 127 4224 129 4228; x_wconf 65' lang='grc'><em>’</em></span> <span class='ocrx_word' id='word_1_466' title='bbox 211 4199 413 4280; x_wconf 91' lang='lat' dir='ltr'><strong>chronologus</strong></span> <span class='ocrx_word' id='word_1_467' title='bbox 428 4199 517 4262; x_wconf 87' lang='lat' dir='ltr'><strong>tidem</strong></span> <span class='ocrx_word' id='word_1_468' title='bbox 532 4198 658 4281; x_wconf 89' lang='lat' dir='ltr'><strong>Josepbi</strong></span> <span class='ocrx_word' id='word_1_469' title='bbox 675 4198 756 4262; x_wconf 92' lang='lat' dir='ltr'><strong>circa</strong></span> <span class='ocrx_word' id='word_1_470' title='bbox 770 4199 855 4280; x_wconf 88' lang='lat' dir='ltr'><strong>regui</strong></span> <span class='ocrx_word' id='word_1_471' title='bbox 870 4199 1002 4262; x_wconf 87' lang='lat' dir='ltr'><strong>Herodis</strong></span> <span class='ocrx_word' id='word_1_472' title='bbox 1013 4199 1248 4281; x_wconf 58' lang='lat' dir='ltr'><strong>¹longitudinem,</strong></span> <span class='ocrx_word' id='word_1_473' title='bbox 1269 4199 1450 4280; x_wconf 87' lang='lat' dir='ltr'><strong>posthabito</strong></span> <span class='ocrx_word' id='word_1_474' title='bbox 1464 4217 1534 4262; x_wconf 81' lang='lat' dir='ltr'><strong>aceo·</strong></span> 
     </span>
     <span class='ocr_line' id='line_1_46' title="bbox 207 4286 1534 4371; baseline -0.002 -20"><span class='ocrx_word' id='word_1_475' title='bbox 207 4288 365 4351; x_wconf 88' lang='lat' dir='ltr'><strong>ratissimo</strong></span> <span class='ocrx_word' id='word_1_476' title='bbox 389 4288 453 4368; x_wconf 88' lang='lat' dir='ltr'><strong>ejus</strong></span> <span class='ocrx_word' id='word_1_477' title='bbox 477 4307 626 4352; x_wconf 90' lang='lat' dir='ltr'><strong>consensu</strong></span> <span class='ocrx_word' id='word_1_478' title='bbox 649 4308 715 4351; x_wconf 90' lang='lat' dir='ltr'><strong>cum</strong></span> <span class='ocrx_word' id='word_1_479' title='bbox 731 4289 935 4371; x_wconf 86' lang='lat' dir='ltr'><strong>scriptoribus</strong></span> <span class='ocrx_word' id='word_1_480' title='bbox 956 4288 1119 4364; x_wconf 88' lang='lat' dir='ltr'><strong>Romanis,</strong></span> <span class='ocrx_word' id='word_1_481' title='bbox 1141 4288 1191 4371; x_wconf 92' lang='lat' dir='ltr'><strong>qui</strong></span> <span class='ocrx_word' id='word_1_482' title='bbox 1206 4290 1362 4370; x_wconf 85' lang='lat' dir='ltr'><strong>hucusque</strong></span> <span class='ocrx_word' id='word_1_483' title='bbox 1378 4286 1534 4364; x_wconf 71' lang='lat' dir='ltr'><strong>duraritir</strong></span> 
     </span>
     <span class='ocr_line' id='line_1_47' title="bbox 209 4374 1534 4460; baseline 0.002 -20"><span class='ocrx_word' id='word_1_484' title='bbox 209 4377 329 4440; x_wconf 91' lang='lat' dir='ltr'><strong>dubium</strong></span> <span class='ocrx_word' id='word_1_485' title='bbox 350 4386 454 4439; x_wconf 81' lang='lat' dir='ltr'><strong>vocet:</strong></span> <span class='ocrx_word' id='word_1_486' title='bbox 484 4377 558 4439; x_wconf 91' lang='lat' dir='ltr'><strong>illud</strong></span> <span class='ocrx_word' id='word_1_487' title='bbox 586 4378 673 4441; x_wconf 90' lang='lat' dir='ltr'><strong>uobis</strong></span> <span class='ocrx_word' id='word_1_488' title='bbox 687 4374 795 4441; x_wconf 57' lang='lat' dir='ltr'><strong>&#39;restat</strong></span> <span class='ocrx_word' id='word_1_489' title='bbox 817 4380 995 4454; x_wconf 88' lang='lat' dir='ltr'><strong>curandum,</strong></span> <span class='ocrx_word' id='word_1_490' title='bbox 1024 4386 1059 4441; x_wconf 91' lang='lat' dir='ltr'><strong>ut</strong></span> <span class='ocrx_word' id='word_1_491' title='bbox 1082 4379 1121 4441; x_wconf 88' lang='lat' dir='ltr'><strong>ad</strong></span> <span class='ocrx_word' id='word_1_492' title='bbox 1143 4397 1193 4441; x_wconf 86' lang='lat' dir='ltr'><strong>res</strong></span> <span class='ocrx_word' id='word_1_493' title='bbox 1214 4378 1301 4459; x_wconf 89' lang='lat' dir='ltr'><strong>ipsas</strong></span> <span class='ocrx_word' id='word_1_494' title='bbox 1315 4378 1458 4454; x_wconf 85' lang='lat' dir='ltr'><strong>Herodis,</strong></span> <span class='ocrx_word' id='word_1_495' title='bbox 1478 4395 1534 4460; x_wconf 72' lang='lat' dir='ltr'><strong>qua</strong></span> 
     </span>
     <span class='ocr_line' id='line_1_48' title="bbox 208 4463 1534 4550; baseline 0.002 -21"><span class='ocrx_word' id='word_1_496' title='bbox 208 4467 289 4529; x_wconf 88' lang='lat' dir='ltr'><strong>ultra</strong></span> <span class='ocrx_word' id='word_1_497' title='bbox 306 4485 415 4529; x_wconf 86' lang='lat' dir='ltr'><strong>annum</strong></span> <span class='ocrx_word' id='word_1_498' title='bbox 425 4463 476 4533; x_wconf 82' lang='lat'><strong>37.</strong></span> <span class='ocrx_word' id='word_1_499' title='bbox 483 4466 544 4530; x_wconf 88' lang='lat' dir='ltr'><strong>Jul.</strong></span> <span class='ocrx_word' id='word_1_500' title='bbox 556 4467 715 4543; x_wconf 83' lang='lat' dir='ltr'><strong>continuat</strong></span> <span class='ocrx_word' id='word_1_501' title='bbox 722 4468 884 4549; x_wconf 89' lang='lat' dir='ltr'><strong>Josephus,</strong></span> <span class='ocrx_word' id='word_1_502' title='bbox 901 4476 1020 4550; x_wconf 90' lang='lat' dir='ltr'><strong>tempus</strong></span> <span class='ocrx_word' id='word_1_503' title='bbox 1031 4468 1148 4549; x_wconf 89' lang='lat' dir='ltr'><strong>justum</strong></span> <span class='ocrx_word' id='word_1_504' title='bbox 1163 4468 1375 4544; x_wconf 88' lang='lat' dir='ltr'><strong>admetiamur,</strong></span> <span class='ocrx_word' id='word_1_505' title='bbox 1391 4469 1534 4550; x_wconf 77' lang='lat' dir='ltr'><strong>exploran-</strong></span> 
     </span>
     <span class='ocr_line' id='line_1_49' title="bbox 208 4556 1534 4641; baseline -0.002 -23"><span class='ocrx_word' id='word_1_506' title='bbox 208 4565 266 4630; x_wconf 90' lang='lat' dir='ltr'><strong>tes,</strong></span> <span class='ocrx_word' id='word_1_507' title='bbox 282 4577 321 4619; x_wconf 86' lang='lat' dir='ltr'><strong>an</strong></span> <span class='ocrx_word' id='word_1_508' title='bbox 337 4556 445 4619; x_wconf 90' lang='lat' dir='ltr'><strong>abhinc</strong></span> <span class='ocrx_word' id='word_1_509' title='bbox 460 4556 563 4638; x_wconf 89' lang='lat' dir='ltr'><strong>plures</strong></span> <span class='ocrx_word' id='word_1_510' title='bbox 579 4557 649 4619; x_wconf 91' lang='lat' dir='ltr'><strong>anui</strong></span> <span class='ocrx_word' id='word_1_511' title='bbox 665 4557 705 4620; x_wconf 93' lang='lat' dir='ltr'><strong>ad</strong></span> <span class='ocrx_word' id='word_1_512' title='bbox 719 4564 846 4620; x_wconf 91' lang='lat' dir='ltr'><strong>mortem</strong></span> <span class='ocrx_word' id='word_1_513' title='bbox 860 4558 991 4625; x_wconf 89' lang='lat' dir='ltr'><strong>Herodis</strong></span> <span class='ocrx_word' id='word_1_514' title='bbox 1007 4577 1166 4638; x_wconf 88' lang='lat' dir='ltr'><strong>superesse</strong></span> <span class='ocrx_word' id='word_1_515' title='bbox 1183 4556 1303 4620; x_wconf 91' lang='lat' dir='ltr'><strong>omnino</strong></span> <span class='ocrx_word' id='word_1_516' title='bbox 1318 4560 1448 4639; x_wconf 78' lang='lat' dir='ltr'><strong>possint,</strong></span> <span class='ocrx_word' id='word_1_517' title='bbox 1464 4571 1534 4641; x_wconf 85' lang='lat' dir='ltr'><strong>quan</strong></span> 
     </span>
     <span class='ocr_line' id='line_1_50' title="bbox 208 4642 1534 4730; baseline -0.002 -22"><span class='ocrx_word' id='word_1_518' title='bbox 208 4652 282 4727; x_wconf 91' lang='lat' dir='ltr'><strong>quot</strong></span> <span class='ocrx_word' id='word_1_519' title='bbox 295 4646 448 4727; x_wconf 89' lang='lat' dir='ltr'><strong>Josephus</strong></span> <span class='ocrx_word' id='word_1_520' title='bbox 464 4646 604 4710; x_wconf 86' lang='lat' dir='ltr'><strong>affirmat</strong></span> <span class='ocrx_word' id='word_1_521' title='bbox 633 4646 711 4710; x_wconf 90' lang='lat' dir='ltr'><strong>Belli</strong></span> <span class='ocrx_word' id='word_1_522' title='bbox 726 4646 851 4710; x_wconf 88' lang='lat' dir='ltr'><strong>Arabici</strong></span> <span class='ocrx_word' id='word_1_523' title='bbox 866 4647 961 4710; x_wconf 85' lang='lat' dir='ltr'><strong>telam</strong></span> <span class='ocrx_word' id='word_1_524' title='bbox 974 4647 1128 4728; x_wconf 87' lang='lat' dir='ltr'><strong>Josephus</strong></span> <span class='ocrx_word' id='word_1_525' title='bbox 1140 4647 1302 4711; x_wconf 87' lang='lat' dir='ltr'><strong>exorditur</strong></span> <span class='ocrx_word' id='word_1_526' title='bbox 1318 4648 1394 4724; x_wconf 89' lang='lat' dir='ltr'><strong>alte,</strong></span> <span class='ocrx_word' id='word_1_527' title='bbox 1410 4642 1534 4730; x_wconf 79' lang='lat' dir='ltr'><strong>spanul-</strong></span> 
     </span>
     <span class='ocr_line' id='line_1_51' title="bbox 208 4734 1533 4821; baseline 0.005 -25"><span class='ocrx_word' id='word_1_528' title='bbox 208 4734 283 4796; x_wconf 87' lang='lat' dir='ltr'><strong>tima</strong></span> <span class='ocrx_word' id='word_1_529' title='bbox 296 4734 427 4798; x_wconf 89' lang='lat' dir='ltr'><strong>Herodis</strong></span> <span class='ocrx_word' id='word_1_530' title='bbox 441 4735 684 4817; x_wconf 87' lang='lat' dir='ltr'><strong>peregrinatione</strong></span> <span class='ocrx_word' id='word_1_531' title='bbox 699 4736 848 4813; x_wconf 80' lang='lat' dir='ltr'><strong>Romana,</strong></span> <span class='ocrx_word' id='word_1_532' title='bbox 864 4754 942 4801; x_wconf 89' lang='lat' dir='ltr'><strong>auno</strong></span> <span class='ocrx_word' id='word_1_533' title='bbox 958 4736 1011 4812; x_wconf 88' lang='grc'><strong>36,</strong></span> <span class='ocrx_word' id='word_1_534' title='bbox 1025 4737 1061 4801; x_wconf 79' lang='lat' dir='ltr'><strong>in</strong></span> <span class='ocrx_word' id='word_1_535' title='bbox 1075 4757 1140 4821; x_wconf 82' lang='lat' dir='ltr'><strong>qao</strong></span> <span class='ocrx_word' id='word_1_536' title='bbox 1154 4737 1383 4802; x_wconf 66' lang='lat' dir='ltr'><strong>oomHoeodeo</strong></span> <span class='ocrx_word' id='word_1_537' title='bbox 1396 4734 1533 4802; x_wconf 52' lang='lat' dir='ltr'><strong>mato</strong></span> 
     </span>
    </p>
   </div>
   <div class='ocr_carea' id='block_1_8' title="bbox 0 0 1560 5474">
    <p class='ocr_par' dir='ltr' id='par_1_10' title="bbox 0 0 1560 5474">
     <span class='ocr_line' id='line_1_52' title="bbox 0 0 1560 5474; baseline 0 1"><span class='ocrx_word' id='word_1_538' title='bbox 0 0 1560 5474; x_wconf 95' lang='lat' dir='ltr'><strong> </strong></span> 
     </span>
    </p>
   </div>
  </div>
 </body>
</html>
