3194 5482
179 256 202 324 8
345 316 348 324 .
524 240 525 245 Ἰ
770 273 935 329 memus
967 275 969 282 '

180 427 339 505 postemm
361 427 472 484 metuo.
516 420 586 483 Non
610 426 659 481 est
679 420 729 484 bic
742 427 849 487 ‘metus
871 438 911 483 ex
932 439 968 483 eo
990 423 1117 502 genere,
1137 411 1238 506 qualis
1254 420 1323 484 ille:
1347 439 1385 485 ns
1398 413 1526 484 mundns

181 513 291 575 40000
314 530 410 574 ιιιοι
436 529 527 591 porro
555 510 651 571 duret
676 510 766 583 Non
788 517 878 572 erunt
898 509 986 573 nobis
1008 529 1128 592 semper
1149 509 1301 592 Rudolphi
1323 511 1413 574 mites
1436 517 1526 593 atquo

182 601 296 665 faciles
333 599 453 682 Aliquis
468 598 653 662 Lntheranis
674 572 810 662 infensus
832 599 1022 662 occasionem
1038 598 1164 681 arripiet
1184 599 1256 663 belli
1277 619 1316 662 cx
1331 600 1389 664 hoc
1403 599 1526 680 politico

182 690 283 753 edicto
300 694 463 752 contemto.
508 689 677 750 Praetexot
690 687 828 768 religioni
845 687 1059 753 calendarium
1081 695 1115 751 et
1128 696 1286 771 utrumque
1308 689 1395 752 simul
1411 687 1527 770 eripiet

180 780 263 842 Ecce
280 777 422 843 Carolum
440 766 590 859 quintum:
613 777 645 838 Is
660 784 696 839 ut
709 777 882 839 fiduciarios
897 797 968 840 suos
984 778 1024 840 ad
1040 797 1073 840 se
1090 778 1231 841 attrahat
1249 778 1339 853 dixit,
1359 777 1404 840 ire
1420 797 1454 841 se
1469 792 1526 859 pn·
1556 844 1558 849 ,

182 868 278 931 ι1ιιιι
300 867 446 941 rebelles,
469 865 519 947 qui
540 865 765 931 Ferdinandnm
786 884 891 946 regem
911 866 1085 947 repudient:
1108 874 1144 929 at
1164 886 1200 930 eo
1222 867 1302 930 bello
1326 866 1527 932 Smalcaldicb

182 975 290 1039 parum
306 955 419 1029 abbrit,
441 955 512 1036 quin
527 955 595 1035 ipsa
616 954 722 1035 religio
744 956 955 1036 conflagraret.
992 956 1067 1018 Tale
1083 955 1153 1039 quid
1174 975 1265 1038 porro
1285 975 1402 1038 quoqne
1416 963 1527 1035 metuo.

181 1045 363 1110 Introducta
378 1051 428 1106 est
443 1043 615 1106 emendatio
638 1044 694 1105 sub
710 1042 920 1124 coniunctione
935 1063 1047 1125 magna
1063 1044 1238 1115 Saturniet
1250 1045 1352 1119 Jovis,
1372 1064 1480 1109 uereor
1495 1051 1529 1108 nt

182 1133 349 1216 expugnari
364 1134 465 1214 possit
486 1140 518 1194 et
539 1151 577 1195 ne
594 1132 756 1214 aliquando
777 1133 807 1195 vi
822 1140 1016 1215 propagetur.
1054 1133 1160 1198 Satius
1182 1125 1267 1197 esset
1290 1133 1528 1216 spontealiquid

182 1224 282 1296 adire,
305 1223 375 1285 dnm
390 1222 474 1284 nulla
496 1222 595 1288 adhuc
611 1221 729 1284 coactio
751 1240 807 1302 pro
822 1222 950 1297 loribus,
973 1241 1063 1304 quam
1077 1223 1109 1286 in
1131 1223 1250 1287 futurae
1264 1222 1428 1288 uiolentiae
1444 1231 1527 1286 metu

181 1312 347 1396 persistere
363 1319 396 1373 ιι
408 1318 552 1392 posteros
566 1309 696 1391 prodire.
726 1313 773 1375 At
794 1312 894 1393 possis
909 1331 956 1374 me
972 1312 1070 1375 ridere
1093 1331 1160 1375 cum
1180 1313 1340 1376 immaturo
1362 1332 1429 1375 meo
1445 1319 1527 1374 metu

182 1410 275 1483 atque
292 1399 615 1476 dicere,.differendum
629 1401 688 1462 hoc
710 1401 864 1480 negotium
879 1401 1046 1483 tantisper,
1068 1401 1138 1464 dum
1152 1401 1308 1465 immineat
1326 1401 1389 1465 tale
1405 1400 1527 1483 aliquid

181 1493 249 1571 Ego
265 1509 337 1553 vero
353 1489 404 1573 ajo
410 1536 418 1563 ,
440 1497 505 1551 tum
526 1508 586 1551 nnn
609 1489 737 1570 amplius
758 1489 803 1552 ita
817 1490 968 1571 integmm
989 1489 1102 1554 nostris
1125 1491 1271 1565 futurum,
1292 1490 1352 1553 imo
1369 1491 1395 1553 si
1410 1491 1528 1553 demum

182 1583 242 1644 hoc
257 1579 381 1652 iaciant,
395 1576 470 1641 victi
485 1579 592 1641 statim
606 1578 798 1659 praebituros
814 1579 954 1660 speciem,
969 1598 1057 1660 quam
1071 1579 1198 1662 primum
1207 1579 1387 1661 imperatum
1397 1581 1528 1643 futurum

68 1713 73 1720 -
183 1670 232 1732 sit
262 1669 339 1731 Tum
354 1674 456 1731 autem
471 1674 504 1728 et
519 1667 639 1730 occasio
654 1668 867 1750 praeterlapsa
882 1668 950 1743 erit,
965 1687 1041 1750 qnae
1058 1669 1125 1732 sola
1138 1688 1186 1732 me
1201 1677 1312 1744 movet,
1327 1676 1362 1732 ut
1375 1670 1435 1733 hoe
1444 1676 1525 1730 tem-

182 1778 256 1840 pore
273 1757 411 1820 scribam.
456 1758 559 1820 Instat
573 1776 670 1818 annus
688 1756 771 1819 1600
794 1777 814 1818 a
835 1764 908 1819 natu
925 1756 996 1821 Obr.
1032 1758 1195 1823 Possemus
1216 1776 1285 1821 enm
1305 1758 1449 1840 insignire
1470 1757 1528 1820 ali»

184 1867 243 1930 quo
265 1844 459 1909 memorabili.
504 1847 668 1908 Possemus
686 1845 799 1925 justius
821 1845 960 1926 gloriari,
982 1865 1070 1949 quam
1084 1865 1166 1950 papa
1181 1847 1218 1918 de
1234 1866 1313 1910 anno
1333 1847 1426 1923 1582,
1442 1845 1528 1931 qnasi

183 1937 215 1999 in
231 1936 353 1998 deserto
370 1936 479 2015 angulo
495 1935 606 2015 posito.
642 1934 699 1996 Ille
714 1954 787 1997 vero
806 1934 890 1998 1600
913 1943 962 1997 est
983 1935 1069 2017 qnasi
1089 1935 1121 1997 in
1143 1936 1233 1999 trivio
1256 1943 1310 1999 aut
1331 1937 1398 1998 loco
1417 1935 1530 1998 illustri

183 2025 311 2107 positus.
347 2023 570 2087 Simoneretnr
584 2017 753 2104 Imperator
769 2031 811 2086 et
815 2025 1022 2126 promulgaret
1036 2023 1168 2089 edictum
1181 2043 1264 2088 mere
1278 2024 1450 2106 politim,
1471 2025 1529 2087 lua-

183 2115 248 2179 bito
264 2113 347 2194 prins
367 2105 610 2193 evangelicorum
626 2113 765 2187 consilio,
786 2113 939 2193 principes
957 2120 1059 2175 antem
1069 2113 1177 2194 singuli
1193 2113 1373 2194 colligerent
1387 2112 1532 2194 suffragia

185 2223 308 2267 suorum
322 2202 619 2266 mathematicorum.
643 2201 686 2263 sic
702 2202 923 2283 approbaretur
943 2220 1004 2263 non
1021 2200 1161 2282 Gregorii
1176 2203 1275 2277 bulla,
1297 2202 1351 2265 sed
1365 2202 1448 2265 illius
1462 2222 1529 2266 ma-

185 2291 344 2355 thematici
372 2290 536 2354 consilium.
582 2292 681 2370 Turpe
705 2290 903 2364 Germaniae,
933 2309 1000 2352 cum
1022 2297 1120 2353 artem
1143 2287 1315 2395 corrigendi
1342 2291 1530 2381 restaurarit,

186 2382 283 2445 solam
298 2380 485 2466 correctione
501 2398 614 2444 carere.
643 2380 793 2447 Existimo
809 2379 888 2441 inter
903 2379 1000 2441 bonos
1017 2379 1094 2443 bene
1111 2381 1209 2462 agier,
1230 2399 1288 2462 quo
1304 2367 1427 2445 liberior
1442 2381 1508 2444 fui
1500 2400 1529 2443 m

186 2471 315 2533 dicenda
340 2489 409 2532 mea
431 2468 585 2531 sententia
612 2487 703 2549 super
729 2468 853 2549 negotio
877 2467 1059 2531 calendarii.
1103 2470 1207 2533 Aliam
1229 2476 1262 2532 tu
1287 2471 1419 2533 fortasse
1445 2489 1527 2534 com-

184 2560 395 2641 pensationem
410 2557 497 2620 dilati
513 2557 618 2638 scripti
641 2558 685 2619 tui
708 2577 789 2621 ame
812 2557 1014 2638 exspectasti.
1038 2558 1093 2622 sed
1109 2559 1242 2640 cogites,
1264 2577 1311 2622 me
1333 2559 1409 2622 haec
1429 2559 1477 2622 ita
1491 2559 1529 2621 sd

63 2642 65 2646 ’
179 2657 218 2711 -te
241 2649 356 2723 dicere,
378 2647 452 2710 nihil
475 2646 514 2709 ad
535 2647 625 2708 alios:
650 2654 682 2708 et
703 2646 732 2715 si
750 2647 880 2709 maxime
902 2646 1008 2709 eadem
1031 2646 1098 2709 aliis
1121 2647 1268 2722 dicerem,
1289 2642 1444 2710 tamenin
1460 2655 1529 2712 tuos

81 2822 85 2835 Ι
154 2751 157 2758 ’
184 2739 306 2802 labores
321 2756 381 2800 non
398 2743 482 2798 esset
496 2736 605 2816 injuria
619 2754 687 2798 mea
703 2735 865 2812 sententia,
881 2753 948 2799 cum
961 2736 1053 2817 longe
1068 2736 1135 2800 aliis
1150 2736 1276 2800 insistat
1289 2736 1437 2817 vestigiis.
1519 2775 1523 2799 .=

256 2894 382 2957 Dorumta
392 2907 456 2956 haee
468 2911 527 2956 sunt
546 2905 676 2970 sKspleri
688 2904 794 2970 epistola
812 2905 835 2956 d.
849 2901 874 2956 9.
883 2904 943 2971 Apr.
960 2899 1041 2964 unm,
1060 2908 1132 2970 onius
1147 2908 1253 2971 priorem
1269 2910 1368 2970 partem
1384 2905 1531 2956 imminuas

186 2977 242 3028 Vol.
255 2977 276 3035 I,
287 2991 312 3041 p.
322 2976 365 3026 31.
389 2975 460 3027 luter
472 2976 600 3027 Maestlini
612 2977 699 3027 litores
711 2976 744 3027 ab
754 2975 883 3028 Hanscbio
895 2977 976 3028 editas
988 2991 1021 3029 ιιι
1032 2977 1136 3028 verbnm
1148 2977 1247 3044 quidem
1259 2977 1291 3028 ds
1302 2978 1352 3029 hac
1364 2977 1531 3028 admonitione

186 3049 403 3113 deprehendimus.
440 3047 558 3097 Ceterum
577 3047 725 3098 Maestlinus
745 3048 842 3098 videtur
860 3061 958 3112 semper
976 3050 1088 3114 agitasse
1114 3045 1145 3100 do
1165 3049 1225 3099 libro
1245 3047 1421 3100 conscribendo
1444 3054 1532 3098 centn

187 3119 363 3170 calendarium
382 3119 570 3184 Gregorianum
607 3120 697 3169 Exstat
715 3121 781 3169 enirn
802 3117 907 3183 Kepleri
932 3119 1036 3183 epistola
1060 3120 1093 3171 sd
1116 3119 1306 3184 Stephanum
1329 3119 1531 3170 Gerlachinm

186 3187 350 3257 (theologiae
361 3190 524 3255 proiesmram
536 3187 731 3256 Tubingensem)
743 3191 838 3254 scripta
856 3204 885 3241 eo
897 3195 1022 3254 ternpore,
1040 3205 1088 3257 quo
1099 3191 1239 3256 Keplerm,
1258 3192 1323 3240 sient
1335 3191 1383 3241 alio
1395 3190 1448 3240 loco
1460 3197 1532 3240 nota-

186 3263 274 3320 vimus,
286 3262 358 3312 nulla
369 3263 466 3312 ratione
478 3269 624 3327 extorquere
636 3263 718 3325 potuit
728 3261 858 3312 Maestlini
868 3263 1057 3326 responsionem,
1070 3264 1183 3328 quamvis
1195 3263 1302 3328 nudique
1314 3258 1444 3328 colligeret
1453 3264 1534 3313 sectos

187 3333 409 3414 sistimulandnm
421 3346 524 3401 segnem
534 3331 704 3385 Masstlinum.
734 3332 847 3398 Epistola
858 3339 945 3384 ιιιιιιι
957 3333 1021 3386 haec
1034 3339 1085 3385 est:

793 3482 826 3547 S.
841 3485 875 3546 P.
890 3484 929 3547 D.

167 3604 169 3609 ’
274 3591 455 3655 Reverende
472 3597 505 3654 et
526 3589 692 3655 clarissime
707 3590 745 3654 D.
760 3590 955 3672 Praeceptor.
986 3587 1019 3654 Si
1035 3589 1110 3655 Rev.
1127 3591 1192 3654 Τιι
1213 3590 1313 3665 valet,
1336 3595 1436 3652 estut
1450 3610 1529 3671 gau-

187 3685 284 3747 deam.
318 3683 437 3744 Memor
452 3678 608 3762 petitionis
628 3679 704 3744 Rev.
720 3689 791 3744 tuae
806 3679 854 3742 his
871 3681 975 3744 diebus
990 3681 1076 3762 coepi
1095 3682 1197 3761 legere
1218 3680 1343 3743 chartas
1358 3680 1533 3743 Maestlini:

187 3792 263 3852 qnae
279 3771 372 3851 igitur
386 3769 458 3833 mihi
472 3769 647 3833 necessaria
662 3769 729 3833 visa
743 3776 823 3845 sunt,
838 3769 1001 3852 perscripsi
1011 3770 1127 3833 duabus
1136 3768 1256 3850 paginis
1272 3776 1304 3832 et
1318 3769 1368 3832 hic
1384 3769 1532 3853 adipsum

186 3861 267 3924 misi:
292 3860 408 3940 reliqua
429 3868 600 3941 sequentur.
642 3860 729 3923 Hunc
751 3867 854 3922 autem
875 3859 1049 3922 fasciculum
1068 3858 1138 3921 ideo
1161 3859 1209 3922 ad
1224 3858 1300 3922 Rev.
1323 3862 1406 3921 tuam
1422 3858 1528 3923 mitto:

174 3957 250 4025 ,tum
266 3957 301 4013 ut
315 3950 405 4011 fidem
419 3968 517 4012 meam
532 3949 705 4031 approbem,
720 3969 780 4032 qua
794 3948 927 4030 promisi,
942 3955 1006 4010 tum
1020 3947 1192 4011 utbabeam
1201 3948 1281 4011 Rev:
1293 3955 1377 4011 tuam
1392 3949 1533 4031 responsi

186 4041 267 4122 apud
281 4037 477 4101 Maestlinum
498 4038 726 4102 sollicitatorem
748 4056 879 4119 gravem.
908 4037 1053 4101 Vicissim
1075 4037 1153 4100 enim
1175 4038 1214 4101 ab
1236 4036 1303 4119 ipso
1326 4037 1427 4120 aliqua
1449 4047 1533 4120 peto.

187 4128 301 4212 Spero,
317 4148 391 4210 quas
408 4134 479 4195 onte
498 4127 538 4190 14
554 4127 619 4191 dies
635 4129 675 4190 ad
689 4129 727 4191 D.
743 4128 984 4191 Halenreliernm
999 4127 1081 4202 dedi,
1104 4126 1184 4210 quod
1199 4126 1311 4209 etipse
1326 4127 1398 4189 mihi
1414 4145 1529 4209 qnaes-

187 4217 301 4281 tionem
314 4214 561 4280 mathematicam
575 4217 709 4292 miserat,
723 4216 860 4281 redditas
876 4236 944 4280 esse
960 4215 1167 4281 Stuccardiae.
1198 4214 1303 4281 Sinon
1313 4223 1399 4279 esset
1408 4217 1534 4293 lactum,

187 4307 314 4371 inveniri
329 4314 458 4388 possent
479 4307 560 4386 apud
574 4306 622 4369 Jo.
637 4306 752 4388 Wollg.
767 4306 880 4388 Voigt,
901 4306 1001 4370 curiae
1025 4306 1189 4381 asseclam,
1209 4312 1284 4388 puto
1299 4303 1330 4368 in
1345 4304 1532 4369 visitatione.

187 4396 303 4460 Valeat
323 4396 399 4459 Rev.
423 4402 476 4459 tua
497 4414 604 4477 meque
627 4395 683 4459 sibi
696 4396 736 4473 >in
757 4396 897 4479 precibus
918 4394 982 4459 suis
1003 4396 1118 4461 habeat
1145 4394 1394 4459 commendatum
1440 4397 1534 4459 Nova

188 4493 330 4550 accurate
346 4486 385 4548 ad
399 4485 467 4548 Vos
482 4484 716 4566 perscribuntur.
746 4486 882 4550 Vicimus
897 4505 957 4550 nno
972 4485 1065 4549 verbo
1080 4504 1136 4568 per
1149 4485 1208 4548 Dei
1223 4482 1363 4570 gratiam.
1400 4484 1530 4550 Haben·

187 4583 238 4640 ιιι
251 4573 390 4657 publicae
406 4574 565 4646 conciones
582 4574 783 4641 Germanicae
798 4576 829 4640 in
844 4575 965 4657 templis
978 4584 1014 4659 et
1028 4571 1163 4639 aedibus.

275 4699 395 4782 Pragae
415 4691 554 4783 ⁸(„Jnlii
573 4698 665 4766 1609.
804 4802 816 4811 .
1090 4699 1129 4764 1³.
1143 4699 1233 4851 ΕΞ.
1243 4695 1488 4872 melmun
