3112 5474
412 257 535 326 (leputll.
554 235 639 323 'carm
648 240 820 311 Herodlsdnm
831 249 933 310 srbltsr.
1277 235 1343 308 329

22 423 111 468 enere
133 377 265 468 biennio*
279 378 342 466 lare
363 379 577 484 permansisse.
605 399 678 465 ’666
697 383 778 464 haec
791 408 862 465 utut
875 384 1026 476 habeant,
1047 383 1121 465 illud
1142 407 1233 465 unum
1249 384 1343 464 'nobis

22 493 138 570 rdiciat,
155 494 235 576 quod
250 492 324 557 nihil
340 487 541 556 ex'Snetonio
557 491 730 554 necessario
747 492 895 572 seqnitur,
918 510 975 573 qno
990 492 1145 555 Paterculi
1160 491 1343 554 affirmatum
1369 528 1371 539 ‹

22 591 163 646 sertatnr.
192 584 259 646 Nec
274 600 350 662 opus
366 589 423 656 est,
438 588 473 643 ut
483 579 606 662 Lipsius
620 580 750 644 Dionem
766 587 799 643 et
812 581 1005 645 Paterculurn
1020 580 1100 644 inter
1116 601 1149 643 se
1165 580 1343 655 committat,

22 693 65 736 sm
78 681 118 735 ut
132 672 228 746 vides,
244 669 373 733 faciliori
387 670 439 733 via
454 669 642 751 transigitur.
723 689 729 715 ν

82 762 195 825 Adhuc
216 760 310 842 igitur
323 759 469 824 vincimus
488 758 671 822 testimoniis
693 758 898 821 Romanorum
914 756 1109 841 scriptorum,
1134 756 1241 839 Oajnm
1264 777 1343 822 anno

22 852 47 913 l.
62 851 159 913 fnisse
181 848 213 913 in
232 849 339 912 insulis
360 850 462 911 maris
474 849 564 912 Jonii.
608 848 725 911 Videat
738 847 832 929 igitur
848 847 1008 924 Calvisius,
1030 848 1178 931 quomodo
1193 848 1276 911 illum
1290 866 1343 910 re·

22 944 89 1004 ucat
112 938 346 1020 sequentianno
368 937 513 1011 Romam,
541 944 576 1000 nt
595 936 772 1018 praesideat
787 935 951 1018 cognitioni
966 938 1174 1001 Herodianae:
1205 956 1274 999 nam
1288 954 1344 1019 per

22 1028 221 1092 istoriamhoc
230 1027 276 1090 illi
284 1046 345 1109 non
353 1027 466 1089 licebit
488 1027 554 1089 Nos
563 1026 684 1089 interim
692 1045 852 1107 pergemus
860 1028 893 1090 in
901 1027 1184 1105 historiaRomsna
1205 1026 1343 1090 Tiberius

22 1119 95 1194 itur,
111 1125 148 1181 ut
163 1138 182 1178 a
197 1114 503 1186 secriminationibus
518 1115 608 1178 Lollii
625 1116 723 1178 sensit
737 1116 900 1179 alienatum
911 1115 1027 1197 Oajum,
1041 1116 1167 1198 'questus
1182 1116 1239 1179 fuis
1254 1133 1344 1197 snper

22 1231 32 1270 ι
48 1227 81 1269 re
97 1207 181 1269 inter
196 1213 315 1270 ceteros
330 1205 424 1268 ctiam
440 1206 519 1286 apud
535 1204 698 1285 Sulpitinm
714 1203 880 1276 Quirininm
897 1207 1024 1270 amicum
1040 1225 1141 1280 sunm,
1163 1204 1289 1287 quirem
1305 1205 1347 1266 ad

22 1289 480 1371 enatnmdetnlitiRomaeenim
488 1288 1344 1377 fnit),cnlpamM.LollioimpntsvitTacitihistoriibll.

83 1385 182 1466 cajus
196 1392 359 1467 postquam
373 1381 503 1448 venitin
517 1383 626 1448 Asiam
642 1376 732 1466 (puta
746 1383 778 1445 in
793 1383 900 1466 Chium
918 1392 950 1447 et
960 1379 1110 1464 Samum),
1127 1385 1247 1464 legatos
1262 1383 1346 1445 misit
1450 1412 1452 1421 ·

22 1475 36 1538 l
57 1492 164 1557 regem
185 1473 379 1548 Parthorum,
397 1473 509 1555 jubens
533 1491 601 1535 enm
621 1471 769 1535 Armenia
790 1472 954 1548 desistere;
985 1474 1032 1536 eni
1053 1471 1187 1547 Parthus
1215 1472 1344 1553 superbe

22 1563 163 1646 spondit
216 1561 315 1643 cajus}
338 1562 431 1644 igitur
463 1581 501 1623 ex
526 1561 618 1625 Jonia
648 1561 793 1624 transivit
822 1562 853 1624 in
885 1561 1021 1645 Syriam,
1060 1561 1130 1625 inde
1161 1570 1248 1624 trans
1278 1561 1360 1645 En-¹

22 1656 137 1716 trstem
152 1653 343 1733 protecturus
368 1653 407 1714 ad
422 1650 609 1714 inferendum
629 1650 746 1713 Partho
768 1651 887 1714 bellum.
932 1654 1016 1719 Tunc
1037 1641 1187 1718 Judasam
1203 1658 1343 1731 praeter·

22 1751 102 1805 ectus
120 1742 201 1823 apud
210 1741 403 1823 Jerosolyma
417 1760 476 1802 non
493 1739 690 1822 supplicavit3
707 1740 785 1821 qnod
802 1760 868 1804 cnm
884 1747 968 1803 esset
976 1736 1184 1803 renunciatum
1194 1740 1344 1819 Augusto,

22 1832 156 1894 sudatum
177 1830 209 1893 in
226 1850 260 1892 eo
278 1830 349 1902 fuit,
371 1830 449 1911 qnod
464 1830 623 1910 Augustus
640 1836 762 1891 exteras
779 1831 981 1901 ceremonias,
1003 1837 1038 1892 nt
1053 1832 1174 1903 fuerunt
1187 1829 1343 1905 Judaicae,

22 1927 216 1984 ›ntemneret
251 1919 337 1982 Haec
360 1917 553 1982 Suetonius(
577 1917 621 1980 Ut
642 1937 714 1981 vero
730 1918 912 1982 Parthorum
934 1938 988 1981 rex
1010 1919 1047 1981 de
1073 1919 1206 1981 adventu
1223 1916 1291 1997 Caji
1313 1917 1343 1979 in

22 2010 120 2093 yriam
135 2008 276 2082 rescivit,
297 2008 399 2070 mitior
422 2008 521 2070 factus
543 2026 657 2087 aequas
680 2007 867 2070 conditiones
884 2007 1021 2084 admisit,
1042 2027 1093 2070 res
1109 2008 1148 2069 ad
1164 2006 1343 2087 colloquium

22 2098 124 2162 edecta
138 2098 221 2161 inter
236 2096 342 2177 Cajnm
359 2104 391 2158 et
405 2098 588 2159 Parthorum
603 2114 714 2176 regem,
729 2095 761 2159 in
776 2098 906 2178 quadam
920 2097 1087 2179 Euphratis
1101 2097 1214 2180 insuls3
1239 2114 1296 2177 qno
1312 2096 1343 2156 in

22 2187 145 2268 ›lloquio
161 2187 296 2250 Parthus
311 2186 458 2249 Armenia
481 2185 575 2248 cessit
591 2185 740 2267 juxtaque
762 2187 803 2248 Μ.
819 2185 909 2249 Lollii
930 2188 1047 2269 perlida
1070 2186 1196 2270 consilia
1212 2186 1342 2247 detecta.

23 2276 151 2339 arthicis
174 2276 264 2339 rebus
288 2274 464 2356 compositis
480 2282 513 2337 et
533 2274 590 2336 hoc
603 2274 745 2338 Amnis
762 2276 882 2337 ademto
898 2276 1064 2357 praesidio,
1087 2274 1180 2357 Oajns
1196 2294 1275 2337 anno
1291 2280 1342 2335 se-

22 2366 100 2428 renti
109 2364 163 2440 46,
176 2364 209 2427 in
219 2383 306 2446 quem
321 2363 391 2428 Cos.
402 2371 470 2426 erat
479 2364 656 2445 designatus
667 2372 738 2427 ante
749 2364 988 2447 quinquennium,
1003 2366 1178 2429 Armeniam
1187 2365 1343 2445 ingressus

22 2476 58 2517 nn
74 2464 199 2517 strenue
216 2453 321 2535 gessit.
335 2456 336 2461 ’
356 2453 479 2516 Interea
495 2453 639 2534 temporis
654 2454 813 2534 Angustus
834 2455 870 2517 de
886 2455 928 2517 M.
943 2454 1034 2517 Lollii
1048 2454 1191 2517 versutiis
1208 2454 1343 2525 edoctus,
1455 2490 1456 2493 =

22 2547 61 2614 lus
75 2545 145 2606 loco
157 2542 233 2623 cajo
250 2549 399 2615 rectorem
414 2542 497 2605 misit
504 2541 670 2622 vSulpitium
685 2540 853 2619 Quiriniurn
869 2544 1044 2607 Armeniam
1059 2542 1186 2617 tenenti,
1200 2548 1235 2604 ut
1250 2541 1343 2603 Taci-

22 2654 45 2695 ιε
61 2634 172 2706 refert,
194 2631 278 2694 nulla
292 2630 400 2714 Syriae
425 2630 574 2694 mentione
596 2632 690 2694 laets.
725 2633 842 2713 ‘ltaque
866 2632 960 2713 cajus
983 2632 1076 2695 etiam
1100 2632 1170 2695 Cos.
1193 2637 1343 2693 rectorem
1372 2659 1375 2666 ν

22 2721 165 2785 [vertutis
186 2720 308 2796 hahuit;
342 2721 420 2802 quod
446 2728 518 2783 ante
543 2739 639 2783 annos
661 2721 682 2784 8
704 2740 764 2784 non
786 2721 870 2786 re'cte
892 2722 949 2785 luit
971 2744 990 2784 a
1011 2740 1058 2784 me
1081 2728 1232 2802 negatum.
1276 2721 1343 2783 Nec

22 2811 91 2893 agis
108 2810 230 2885 mirum,
253 2810 367 2873 consuli
382 2817 533 2873 rectorem
549 2808 631 2885 addi,
653 2830 742 2892 qnam
759 2809 826 2873 duci
842 2818 949 2876 contra
962 2811 1096 2875 Parthos
1113 2819 1144 2872 et
1159 2807 1344 2872 moderatori

22 2901 138 2977 rientis,
161 2900 270 2981 quippe
288 2899 350 2987 ‚has
365 2899 536 2979 dignitates
554 2915 664 2978 gerens
685 2918 761 2980 puer
782 2900 944 2981 etiamnum
967 2900 1139 2983 appellatur
1161 2899 1199 2961 ab
1222 2895 1342 2971 Ovidis,

22 2991 115 3053 irilem
130 2996 234 3051 tamen
249 2996 353 3070 togam
364 2988 429 3069 jam
443 2987 569 3050 habens.
1190 2989 1193 2997 '

82 3079 127 3142 Et
142 3079 212 3160 qnia
227 3086 306 3153 sunt,
322 3078 372 3159 qui
382 3077 489 3159 Cajnm
505 3095 584 3145 anno
594 3075 646 3152 46,
662 3097 698 3140 66
714 3078 793 3162 quod
809 3077 912 3141 consul
929 3086 1020 3154 esset,
1035 3078 1151 3141 Romae
1163 3073 1341 3148 necessario

22 3168 90 3231 risse
113 3176 146 3230 et
168 3168 212 3230 sic
226 3167 418 3248 praesedisse
441 3167 546 3229 dicant
567 3167 731 3248 cognitioni
746 3168 954 3242 Herodianae,
978 3168 1146 3230 addendum
1169 3171 1202 3228 et
1219 3165 1278 3226 hoc
1293 3170 1344 3226 est

22 3257 122 3319 dillos
138 3257 374 3331 convincendos,
400 3253 507 3337 Cajum
526 3254 584 3317 hoc
607 3256 766 3319 consulatu
782 3248 916 3320 fflnctnm
931 3256 1088 3320 absentem
1105 3252 1289 3329 certissime3
1310 3252 1342 3330 id

22 3354 36 3407 t
49 3345 179 3428 antiquis
195 3344 379 3427 temporibus
394 3343 510 3408 Romae
525 3343 640 3407 licitum
655 3346 885 3429 factitatumque
900 3345 1066 3410 identidem
1088 3353 1120 3408 et
1130 3345 1196 3427 jam
1209 3342 1343 3424 Augusti

22 3453 133 3516 empore
154 3435 397 3516 vulgatissimum
419 3440 502 3498 erat:
527 3452 593 3497 cum
614 3454 674 3496 non
684 3434 750 3515 jam
773 3436 900 3517 amplius
923 3455 960 3498 66
973 3435 1020 3499 vis
1036 3442 1120 3498 esset
1139 3434 1227 3515 hujus
1243 3432 1342 3513 magi-

22 3530 134 3599 rtratns,
155 3543 231 3606 qnae
257 3523 341 3599 olim;
373 3527 405 3586 et
426 3523 610 3605 principibus
633 3523 733 3586 omnia
754 3524 795 3587 ad
818 3543 851 3587 se
875 3525 1068 3588 trahentibus
1090 3524 1215 3587 honoris
1239 3522 1365 3603 potius

22 3614 176 3677 rocabulnm
192 3620 268 3688 erat,
291 3633 379 3694 quam
392 3610 567 3694 potestatis,
589 3612 619 3674 id
634 3613 767 3695 largiens
784 3614 912 3690 consuli,
933 3621 968 3678 66
984 3634 1081 3677 annus
1097 3614 1136 3676 ab
1153 3612 1188 3674 66
1205 3611 1341 3686 denomi-

22 3710 96 3779 netur,
111 3722 177 3765 cum
190 3702 311 3784 interim
325 3709 467 3784 potestas
482 3700 640 3766 tribunitia
656 3722 758 3766 omues
768 3702 950 3784 reipublicae
959 3712 1065 3785 partes
1081 3700 1341 3783 complecteretur.

22 3790 167 3862 Absentem
187 3811 261 3854 vero
283 3791 383 3855 Roma
405 3791 512 3873 cajum
525 3811 613 3877 auno
636 3790 694 3868 46,
716 3793 852 3874 quamvis
875 3790 946 3856 Oos.
969 3800 1066 3868 esset,
1090 3799 1213 3873 praeter
1238 3796 1343 3852 cetera

22 3881 109 3957 prohat
129 3888 162 3944 et
184 3882 314 3963 epistola
328 3881 461 3962 Augusti
483 3882 672 3962 sexagesimo
695 3890 803 3963 quarto
823 3883 919 3945 natali
942 3881 1057 3963 scripta
1079 3881 1118 3943 ad
1141 3878 1262 3959 Oajnm‚
1283 3878 1342 3940 hoo

22 3966 98 4033 initio:
120 3970 186 4034 Ave
199 3971 246 4034 mi
262 3969 331 4046 das,
347 3971 519 4053 ubicunque
533 3970 626 4032 hodie
632 3971 749 4054 fueris.
780 3971 828 4035 At
842 3971 955 4043 natalis
971 3970 1021 4034 64.
1035 3970 1169 4050 Augusti
1184 3968 1215 4031 in
1232 3986 1342 4030 annum

22 4055 59 4119 46.
70 4059 125 4122 Jul.
139 4061 255 4124 incidit.
284 4062 365 4125 Nam
380 4068 415 4123 nt
431 4079 522 4142 snpra
537 4059 658 4134 dictum,
673 4079 708 4122 eo
726 4080 803 4123 anno
820 4079 878 4143 quo
895 4060 964 4125 Oos.
980 4060 1079 4123 factus
1096 4067 1153 4132 est,
1176 4076 1254 4119 anuo
1269 4062 1342 4138 post

23 4148 122 4211 caedem
139 4149 283 4213 Caesaris
304 4151 403 4232 patris
418 4148 539 4213 Juliano
556 4149 585 4212 3.
602 4156 756 4225 currente,
778 4150 916 4230 implevit
931 4150 973 4212 20
989 4169 1094 4225 annos,
1110 4147 1187 4211 adde
1201 4146 1341 4226 utrinque

23 4232 53 4296 43
65 4238 180 4316 solidos,
197 4247 268 4320 ergo
285 4246 424 4303 currente
440 4237 492 4302 46.
501 4238 622 4301 Juliano
638 4232 797 4318 Augustus
817 4236 954 4329 implevit
977 4236 1019 4302 63
1035 4256 1131 4301 annos
1148 4237 1268 4318 egitque
1281 4255 1340 4343 na·
1404 4312 1407 4324 Ι
1531 4284 1533 4296 ,

24 4322 94 4389 talem
108 4327 158 4404 64,
174 4328 301 4394 absente
319 4327 395 4409 Cajo
412 4346 465 4390 sno
480 4329 511 4392 in
527 4328 672 4391 Armenia
687 4328 736 4389 vel
751 4328 838 4393 Asis.
919 4359 921 4367 ·

89 4415 162 4480 Cum
177 4417 270 4498 igitur
291 4424 465 4481 crescerent
479 4418 598 4481 'liberio
621 4417 756 4498 pericula
776 4437 814 4479 ex
837 4415 1001 4480 offensione
1019 4414 1087 4496 Oaji
1108 4416 1138 4478 in
1155 4414 1233 4478 Asia
1247 4430 1341 4494 pras-

26 4505 96 4568 ontis
110 4508 147 4571 ob
164 4526 273 4570 causas
289 4526 381 4589 snpra
396 4507 579 4590 explicatas:
601 4507 738 4587 perstitit
759 4506 810 4569 ille
832 4507 864 4569 in
878 4505 1010 4587 petendo
1027 4504 1134 4567 reditu.
1180 4504 1340 4583 Angustus

25 4603 75 4653 lero
87 4608 147 4659 rem
163 4615 280 4659 omnem
297 4596 372 4679 Oajo
387 4593 533 4679 permisit.
563 4595 685 4659 Accidit
701 4603 816 4670 autem,
837 4603 872 4658 nt
889 4615 924 4657 66
940 4602 1074 4675 tempore
1090 4593 1183 4674 Cajus
1200 4593 1342 4655 offensior

27 4686 137 4749 essetld.
152 4686 268 4763 Lollio,
290 4687 373 4767 eujus
396 4685 640 4768 suggestionibus
662 4685 745 4766 prins
759 4685 913 4751 'liberium
937 4683 1038 4746 odisse
1055 4690 1215 4764 coeperat;
1239 4687 1271 4744 et
1284 4699 1341 4762 pro

25 4761 152 4839 ittallio
173 4775 258 4856 Sulp.
273 4773 440 4846 Quirininm
455 4784 604 4839 rectorem
617 4774 761 4838 haberet:
786 4794 878 4857 qnare
893 4773 1007 4837 factum
1028 4773 1168 4849 tandem,
1189 4778 1225 4835 nt
1247 4769 1341 4853 Oajus
