3112 5474
484 277 567 344 capus
578 278 633 330 xv.
657 278 869 345 55555555..
1284 257 1348 327 365

24 440 63 502 55
80 440 134 503 555
149 440 248 483 annos
271 421 337 484 nati
353 419 485 485 Christi:
509 406 679 504 quanquam
701 442 767 486 non·
781 423 887 485 statim
902 427 1043 501 receptus
1057 422 1176 502 publice
1192 441 1258 484 mos
1273 422 1351 503 ipse,

22 529 61 571 nec
73 511 198 573 Eusebii
213 511 347 572 calculus
370 511 425 573 sed
446 512 523 574 alius
538 512 607 593 plus
622 513 677 575 illo
691 531 796 577 errans
811 512 936 574 tandem
951 511 1124 574 obtinuerit
1168 512 1261 576 Alter
1275 531 1349 575 vero

20 605 42 660 51
53 599 226 679 potissimus
248 599 361 679 gradus
380 622 404 662 5
423 601 541 680 gemino
566 603 721 683 consurgit
743 601 953 676 fundamento,
976 622 995 663 a
1016 600 1203 663 necessitate
1224 620 1349 682 compu-

17 689 151 750 tationem
166 688 355 770 paschalium
371 697 404 751 et
419 690 458 751 ab
474 690 607 753 utilitate
622 691 827 755 indictionum.
857 689 1022 753 Paschatis
1038 691 1148 752 festum
1164 691 1249 752 varie
1266 690 1348 752 cele-

15 776 168 840 braverunt
183 776 359 860 antiquitus,
376 778 581 843 occidentales
597 781 645 845 515
660 782 729 854 fixo,
745 787 827 841 utet
843 779 1033 844 orientalium
1047 779 1100 853 illi,
1116 779 1166 860 qui
1182 780 1348 842 annoPer-

12 866 65 928 sico
87 874 160 930 sunt
174 866 237 942 usi,
267 865 380 930 Graeci
401 876 433 930 et
455 867 526 951 Syri
548 879 581 932 et
601 870 750 951 Aegyptii
771 869 935 932 secundum
955 868 1088 931 Lunam:
1112 869 1191 950 hque
1213 868 1293 931 inter
1316 887 1348 930 se

11 955 88 1018 divisi
104 956 150 1020 sic
167 964 271 1031 erant,
293 965 329 1018 51
344 956 464 1037 quidam
479 958 641 1022 ι15551555
656 961 855 1024 observarent
869 957 1001 1039 pascha;
1023 958 1074 1047 alii
1098 957 1275 1021 dominicam
1297 976 1348 1039 55-1

11 1054 143 1126 quantem
159 1054 192 1108 et
205 1065 340 1107 mensem
355 1047 542 1110 Xanthicum
564 1049 594 1110 in
608 1049 742 1130 periodis
754 1047 951 1113 Alexandrei.
995 1047 1142 1110 Varietas
1164 1046 1349 1110 intercalarii

11 1135 114 1197 mensis
130 1135 218 1197 initio
234 1153 289 1216 per
304 1135 511 1200 octabteridas
526 1137 741 1219 inquirebatur,
756 1145 790 1199 ut
798 1136 963 1219 Dionysius
974 1136 1132 1217 episcopus
1142 1136 1349 1199 Alexandriae

11 1223 142 1286 iactitare
159 1224 268 1286 solitus
285 1232 342 1286 est
374 1226 477 1303 ¹Hanc
492 1226 676 1310 Hippolytus
691 1226 872 1308 duplicavit,
894 1235 929 1289 ut
951 1233 1035 1289 esset
1055 1224 1350 1300 heccaedecaeceris,

11 1313 155 1395 ediditque
177 1313 283 1375 harum
306 1320 423 1394 septem
449 1335 595 1379 summam
616 1335 761 1389 annornm
784 1315 845 1377 112
867 1315 1059 1387 continentes
1081 1316 1120 1378 ab
1136 1333 1215 1381 auno
1233 1313 1349 1378 Christi
1459 1316 1461 1326 ¹

11 1404 64 1463 222
80 1402 223 1484 usquein
239 1403 312 1467 333.
357 1404 483 1467 Interim
505 1413 574 1471 crta
595 1405 804 1470 controversia
825 1424 920 1485 eaque
943 1405 1035 1467 etism
1057 1404 1225 1484 composita
1246 1404 1278 1465 in
1294 1422 1348 1485 sy-

11 1492 79 1553 nodo
89 1491 222 1566 Nicone,
234 1498 443 1574 cum'utraque
459 1494 601 1575 periodus
617 1504 702 1558 esset
715 1495 837 1569 vitiosa,
850 1494 1000 1576 Eusebius
1017 1493 1207 1569 5515515ιί55
1223 1499 1256 1554 51
1268 1493 1348 1559 hen-

11 1580 197 1643 lecaeterida
213 1581 377 1663 conjunxit,
392 1591 427 1644 ut
442 1592 527 1646 esset
542 1583 827 1660 enneadecaeteris,
852 1583 935 1664 cqjus
952 1583 1132 1646 adminiculo
1148 1576 1350 1645 ecclesiastici

11 1670 126 1734 lecreta
141 1670 261 1733 concilii
277 1681 482 1751 sequerentur.
518 1673 655 1736 Necdum
671 1673 793 1736 sublata
808 1673 888 1734 omni
904 1671 1112 1736 controversis
1127 1671 1274 1752 quomodo
1290 1671 1352 1734 boe

11 1768 80 1821 :ecte
97 1760 199 1832 fieret,
222 1760 406 1841 Theophilus
421 1762 628 1825 Alexandriae
645 1763 804 1850 episcopps
819 1762 973 1844 periodum
989 1781 1027 1824 ex
1043 1763 1063 1825 5
1080 1760 1347 1824 enneacaedecae‘-
1469 1799 1471 1801 -

11 1848 148 1927 eridibns
163 1849 363 1929 compositam
377 1858 411 1912 et
424 1851 454 1913 in
471 1871 567 1915 annos
583 1852 641 1928 95,
663 1862 698 1915 51
719 1872 791 1914 vero
806 1851 963 1916 Marianus
978 1851 1010 1913 15
1028 1852 1090 1914 100
1103 1850 1283 1931 productam
1296 1850 1349 1911 iu-

11 1937 100 1999 stitnit
117 1937 156 1999 ab
173 1958 252 2000 auno
267 1937 342 2001 382.
388 1938 519 2022 Cyrillus
536 1941 671 2021 ejusdem
686 1941 767 2005 sedis
782 1941 952 2022 Episcopus
974 1941 1054 2003 banc
1073 1939 1229 2021 periodum
1248 1958 1347 2001 anno-

11 2046 62 2088 nm
78 2025 122 2089 95
139 2027 230 2088 aliter
246 2023 415 2103 ordinavit,
432 2029 578 2111 incipiens
602 2032 640 2094 ab
666 2030 737 2094 153.
759 2029 960 2105 Diocletiani,
981 2031 1030 2113 qui
1053 2037 1121 2092 5551
1137 2027 1252 2092 Christi
1273 2023 1347 2090 437.

11 2114 74 2178 Sum
98 2124 202 2178 autem
216 2115 347 2179 Romani
362 2118 522 2201 Theophili
543 2120 698 2201 periodum
721 2121 759 2183 ab
781 2138 859 2183 anno
876 2120 950 2182 382.
974 2127 1183 2203 sequerentur,
1207 2117 1346 2180 Pascha-

11 2205 79 2267 inus
95 2225 176 2267 anno
192 2206 266 2268 445.
282 2206 438 2270 555551155
453 2227 542 2288 55555
558 2217 626 2273 5515
642 2210 850 2273 controversia
865 2209 994 2272 recurrit
1010 2209 1049 2272 55
1067 2207 1214 2281 5515555,
1236 2215 1271 2269 51
1292 2206 1347 2281 511,

11 2295 138 2375 5551555,
153 2303 227 2376 5515
241 2295 410 2359 Judaicam.
455 2298 580 2366 Interim
602 2299 741 2364 Anianns
764 2299 935 2362 Monachus
957 2300 988 2362 in
1004 2299 1148 2380 Aegypto
1170 2297 1263 2371 vidit,
1285 2315 1345 2358 nou

11 2384 61 2446 ieri
76 2384 244 2465 plenariam
261 2387 492 2466 apocatastasin
503 2388 644 2450 leriamm
659 2389 717 2451 nisi
732 2389 933 2469 multipIIcato
950 2388 1034 2470 cyclo
1045 2388 1151 2450 Lunae
1171 2385 1209 2449 19
1226 2387 1256 2448 15
1273 2403 1346 2466 cyc-

11 2492 58 2534 nm
74 2473 158 2535 Solis
175 2473 217 2536 28
233 2494 387 2549 annorum,
403 2495 462 2557 qua
477 2477 594 2540 ratione
609 2477 751 2558 periodus
768 2477 865 2558 surgit
882 2497 1028 2557 annornm
1043 2476 1116 2539 532.
1151 2476 1240 2537 Hauc
1255 2474 1347 2554 igitur

11 2562 120 2624 hniano
137 2562 244 2625 tribuit
260 2562 410 2645 Georgius
427 2566 544 2640 Tarasii
567 2567 761 2648 patriarchae
783 2567 948 2649 syncellus,
969 2569 1147 2629 Herwartus
1164 2571 1196 2625 et
1212 2562 1346 2644 Georgio
1404 2614 1406 2619 .

11 2652 144 2714 Tisiclae.
176 2652 286 2733 flgitur
300 2653 410 2717 Victor
426 2654 590 2736 capuanus
605 2664 638 2718 et
652 2656 829 2718 Victorinus
844 2653 1018 2736 Aquitanos
1041 2656 1080 2719 ab
1095 2653 1213 2718 Hilario
1229 2652 1346 2715 Romae

11 2741 141 2823 episcopo
157 2740 314 2817 invitatus,
328 2752 364 2805 51
377 2744 535 2825 Theophili
552 2745 653 2827 cyclos
668 2744 785 2808 Romae
799 2746 932 2808 usitatos
947 2744 1123 2825 corrigeret,
1138 2743 1220 2805 circa
1236 2760 1346 2804 annum

11 2829 62 2892 160
77 2830 193 2894 Auiani
213 2832 370 2912 periodum
389 2833 454 2896 532
476 2847 621 2896 annorum
636 2835 747 2909 edidit,
761 2834 909 2915 incipiens
926 2853 991 2897 eam
1008 2834 1047 2896 ab
1062 2852 1142 2896 anno
1160 2831 1210 2894 15.
1225 2830 1347 2894 Τ155511.

11 2919 75 2985 tum
89 2928 194 2983 autem
209 2930 242 2983 et
256 2920 306 2984 hic
322 2921 422 3003 aliqua
436 2923 561 2987 Nicenis
575 2924 741 2987 canonibus
755 2924 999 2986 inconvenientia
1015 2922 1207 2995 admisisset,
1223 2920 1347 2983 tandem

11 3009 165 3090 lionysius
187 3009 283 3073 abbas
305 3010 465 3074 Romanus
483 3013 611 3075 eandem
630 3007 770 3094 magnam
791 3013 948 3094 periodum
960 3006 1026 3078 ’532
1043 3029 1188 3074 annorum
1204 3009 1347 3082 correxit,

11 3106 30 3160 et
44 3099 84 3161 ab
100 3099 161 3161 alio
178 3099 273 3174 initio,
288 3120 330 3163 sc.
347 3122 366 3163 a
381 3100 432 3164 45.
447 3102 570 3165 Juliano
586 3102 725 3177 deduxit,
741 3122 864 3166 aureum
880 3103 972 3166 etiam
989 3119 1142 3165 numerum
1159 3119 1213 3162 seu
1229 3118 1350 3161 ennea-

11 3187 250 3252 5555555155155
273 3189 378 3252 515555
401 3191 472 3254 5551
487 3190 601 3255 Juliaui
617 3192 782 3273 adscripsit
800 3192 832 3254 in
854 3184 1026 3266 calendario
1043 3191 1124 3253 circa
1139 3208 1250 3251 aunum
1265 3188 1345 3252 Dio-

11 3277 121 3340 :letiaui
146 3277 228 3353 248,
251 3279 302 3360 qui
325 3289 393 3343 erat
416 3279 532 3344 Christi
553 3280 687 3362 vulgaris
711 3281 792 3357 532,
816 3282 935 3363 qnando
957 3301 1018 3345 555
1040 3280 1112 3343 15115
1128 3278 1269 3360 periodus
1280 3278 1348 3359 jam
1377 3289 1380 3307 ¹

11 3366 173 3430 iniebatur:
190 3387 247 3448 quo
264 3368 350 3450 cyclo
364 3368 395 3432 in
410 3389 496 3432 usum
510 3378 634 3451 recepto
648 3371 720 3433 lites
735 3372 898 3452 paschales
914 3371 1158 3452 conquieverunt
1188 3368 1272 3431 Idem
1288 3367 1345 3430 ad-

11 3457 70 3519 ecit
85 3463 120 3518 et
134 3456 332 3533 judictioues:
356 3458 465 3540 cyclus
473 3467 524 3521 est
538 3479 688 3524 annomm
698 3460 884 3543 quindecim,
908 3460 1081 3523 institutum
1100 3465 1135 3520 ut
1150 3458 1273 3540 quidam
1288 3462 1346 3519 vo·
1384 3493 1388 3500 ·

12 3546 370 3621 5511551151551515111
387 3546 584 3615 Constantini
599 3550 682 3613 circa
697 3569 808 3613 anuum
825 3549 941 3614 Christi
957 3551 1036 3624 320,
1050 3556 1086 3611 51
1100 3547 1153 3610 5111
1168 3546 1347 3629 antiquioris

11 3635 126 3716 alicujus
142 3644 176 3698 et
191 3636 310 3699 omniuo
324 3637 397 3703 Julii
414 3637 574 3702 Caesaris:
591 3639 670 3720 qnod
684 3640 830 3720 originem
845 3639 979 3702 traxisse
993 3638 1114 3701 videtur
1130 3636 1168 3701 ab
1183 3635 1350 3699 intervallo,

11 3724 128 3807 quinque
144 3744 289 3789 annorum
304 3726 385 3788 inter
400 3727 475 3789 duos
491 3746 601 3791 census
623 3728 732 3795 civium
746 3728 959 3792 Romanomm
1005 3728 1073 3790 Η55
1087 3725 1181 3787 veluti
1197 3743 1347 3807 cynosura

11 3821 119 3879 veteres
140 3815 188 3876 551
210 3832 248 3877 ex
263 3815 356 3878 variis
371 3815 564 3897 imperiorum
578 3817 660 3880 iuter
676 3836 708 3879 se
726 3819 916 3881 confusorum
936 3824 990 3880 aut
1005 3815 1153 3900 hiantium
1167 3813 1345 3876 Maeandris

11 3921 66 3964 sese
82 3902 212 3966 feliciter
227 3904 443 3986 exphcnmt
489 3904 579 3976 Quod
594 3926 661 3969 cum
675 3907 877 3991 perpenderet
891 3905 1067 3988 Dionysius,
1088 3903 1230 3985 apposuit
1245 3900 1343 3966 15515-

11 3991 111 4054 donem
126 3993 166 4056 55
182 4001 274 4073 55551
294 3993 382 4057 55155
408 3993 550 4078 cujusque
573 3995 650 4078 cycli
666 3996 963 4070 decemnovennalis,
986 4012 1110 4076 qnorum
1129 3994 1160 4054 in
1178 3992 1242 4072 ejus
1259 3992 1344 4074 cyclo

11 4099 107 4161 unguo
125 4089 197 4145 sunt
212 4083 263 4145 28.
293 4085 343 4146 115
358 4085 472 4147 lactum
487 4085 615 4160 videtur,
630 4093 665 4148 ut
680 4085 804 4148 indictio
820 4085 910 4166 vulgo
926 4084 1085 4147 notissima
1101 4081 1345 4144 etusitatissims

11 4168 123 4233 duceret
143 4172 271 4253 primum
293 4173 518 4237 ecclesiasticos
541 4173 581 4236 ad
596 4174 699 4256 capita
715 4176 867 4257 cyclorum
882 4170 1214 4244 decemnovennalium,
1237 4170 1346 4252 quibus

11 4259 91 4338 cyclis
107 4280 183 4342 opus
199 4270 268 4323 erat
282 4262 321 4324 55
338 4263 593 4342 computationem
608 4264 775 4345 paschatis.
820 4265 856 4326 15
876 4264 1027 4345 cyclorum
1049 4279 1121 4324 vero
1144 4259 1288 4327 tabulam,
1303 4259 1343 4321 il-

11 4345 66 4410 lata
80 4357 148 4412 erat
163 4350 259 4413 series
275 4369 421 4414 annorum
437 4372 456 4413 5
471 4360 545 4415 5515
562 4352 701 4428 Christo,
717 4371 903 4434 consurgens
918 4353 958 4415 ab
974 4369 1053 4414 anno
1069 4349 1120 4413 46.
1138 4347 1270 4424 Juliano,
1286 4367 1347 4430 quo
1380 4378 1381 4381 ¹

11 4454 78 4499 auno
92 4438 197 4501 Latini
213 4439 336 4521 Ipseque
353 4441 430 4504 adeo
439 4441 613 4523 Dionysius,
629 4449 750 4505 veteres
764 4443 834 4504 illos
850 4449 982 4515 secutus,
999 4438 1153 4504 Christum
1161 4445 1266 4500 natum
1277 4456 1345 4501 esse
1392 4474 1396 4481 -

11 4536 181 4600 posuerunt:
204 4546 270 4590 cum
285 4549 346 4592 non
360 4529 507 4594 historias
523 4550 579 4593 nec
594 4530 696 4594 laxum
711 4531 929 4611 Evangelistae
945 4548 1099 4592 numerum
1115 4528 1243 4609 triginta
1259 4526 1345 4609 quasi

13 4630 157 4690 amorum,
178 4624 213 4680 ut
227 4617 390 4694 Eusebius,
410 4638 465 4700 pro
488 4620 626 4700 praeciso
642 4628 856 4702 sequerentur,
880 4619 934 4682 sed
951 4618 1197 4682 circumstantiae
1213 4635 1345 4698 concep·

15 4699 94 4765 115515
106 4706 235 4769 Ioannis
251 4708 397 4771 confictas
414 4702 509 4790 (quod
525 4704 778 4773 1555115155527.
794 4708 881 4790 Sept.
896 4709 983 4771 Luna
997 4703 1054 4789 X.)
1078 4727 1144 4771 cum
1166 4707 1261 4789 cyclis
1282 4706 1345 4769 suis

18 4803 227 4873 conpararent:
258 4798 337 4879 quod
359 4816 427 4860 cum
447 4797 612 4880 Dionysius
635 4799 728 4863 etiam
749 4817 803 4862 suo
826 4799 857 4860 in
883 4798 967 4879 cyclo
990 4797 1119 4872 iaceret,
1144 4797 1260 4861 invenit
1284 4815 1344 4859 non
