3134 5482
372 1285 551 1391 Epistola
576 1286 600 1351 1.
644 1284 784 1355 Sethns
808 1286 1002 1353 Calvisius
1023 1285 1166 1352 loanni
1188 1284 1373 1372 chlero.

679 1400 731 1458 22.
756 1393 842 1479 Maj.
866 1393 941 1460 Jnl.
970 1399 1064 1459 1607.

297 1520 527 1592 Quandoquidem,
548 1520 657 1575 Clarias.
679 1522 870 1577 Excellentieo.
900 1523 957 1584 Vir,
985 1522 1011 1576 in
1031 1525 1084 1576 line
1104 1522 1207 1593 Sylvae
1229 1530 1297 1576 tuae
1319 1520 1511 1592 Chronolom‘cae
1561 1583 1563 1585 ¹

214 1616 307 1670 rogae,
334 1609 364 1654 ut
391 1601 413 1653 si
441 1603 499 1672 quis
527 1618 544 1654 a
569 1610 619 1655 tna
646 1602 778 1670 opinione,
804 1618 859 1673 qua
879 1604 1015 1656 Herodem
1035 1602 1133 1656 statuis
1153 1602 1313 1656 defunctum
1335 1620 1406 1655 anno
1425 1601 1512 1655 Julian
1559 1626 1563 1674 f

214 1683 261 1741 42,
289 1681 424 1734 diversum
449 1681 558 1743 sentiat,
586 1688 614 1733 te
640 1699 693 1734 non
718 1684 810 1735 celare
835 1683 910 1745 velit,
938 1691 967 1735 et
987 1699 1040 1752 ego
1061 1681 1195 1751 scaligeri
1216 1683 1385 1735 sententiam
1404 1684 1438 1734 de
1456 1682 1513 1733 obito
1561 1735 1563 1743 ,

213 1760 329 1816 Herodis
355 1760 381 1814 in
406 1777 469 1813 mea
494 1760 678 1830 Chronologia
702 1762 761 1813 fere
781 1768 846 1814 ante
866 1762 1002 1816 biennium
1023 1761 1190 1830 publicarim,
1216 1766 1322 1814 atatno‘
1335 1763 1514 1832 obsequendum
1562 1792 1563 1807 ι

167 1868 171 1875 ·
214 1849 280 1893 tuae
300 1841 432 1895 voluntati
454 1849 484 1893 et
503 1840 564 1910 quid
587 1841 613 1893 in
633 1841 687 1893 tuis
709 1841 878 1910 argumentis
899 1842 1057 1903 desiderem,
1078 1842 1150 1909 'apud
1169 1848 1198 1894 te
1213 1841 1434 1910 exprimendum,
1453 1842 1515 1910 idque
1561 1860 1563 1899 3

214 1921 303 1974 aninro
324 1921 419 1983 antico,
440 1921 479 1974 tui
501 1919 597 1988 cupido
616 1927 645 1973 et
659 1921 784 1973 veritatis
799 1917 975 1992 inquirendae
990 1921 1118 1974 etudioso.
1140 1920 1169 1974 Si
1186 1921 1252 1990 quid
1266 1922 1451 1982 'aberrare-ro,
1467 1929 1516 1988 pcto
1552 1915 1553 1918 ’

213 2018 257 2053 me
277 2001 377 2061 doceri,
398 2001 419 2053 ai
441 2000 552 2053 liberine
573 1999 678 2062 dixero,
699 2000 763 2059 mibi
784 2000 897 2070 ignosci,
918 2002 999 2072 idque
1018 2016 1068 2069 pro
1088 2008 1139 2054 tna
1157 2000 1333 2054 humanitate
1348 2010 1379 2054 te
1392 2001 1516 2059 racem

214 2082 295 2149 plane
315 2080 379 2133 milri
399 2080 537 2149 polliceor.
576 2080 709 2133 Brevibua
730 2080 822 2150 itaque
843 2083 877 2135 ad
899 2089 948 2134 tua
968 2087 1132 2151 arguruenta
1152 2082 1333 2149 respondebo.
1562 2102 1563 2108 ι

293 2160 411 2213 Primum
441 2157 506 2215 dicis
536 2159 571 2216 lv.
599 2177 620 2212 ι.
646 2175 671 2227 p.
702 2159 778 2222 182),
808 2177 894 2216 annua
928 2163 971 2216 15.
993 2161 1120 2217 Julianus
1140 2167 1183 2213 eat
1201 2160 1306 2229 primae
1327 2160 1459 2216 Actiacae
1475 2159 1516 2210 ric·

207 2238 311 2301 toriae,
343 2256 411 2309 ergo
432 2255 518 2291 rurrrus
533 2240 579 2293 51.
601 2246 643 2291 est
663 2239 814 2293 tricesimus
835 2241 973 2310 septimus,
1014 2241 1175 2310 Respondeo
1197 2242 1232 2293 ad
1254 2243 1436 2294 antecedens:
1459 2239 1516 2292 alind
1561 2277 1563 2308 3

214 2327 258 2371 est
281 2319 395 2374 Actiaca
415 2318 536 2379 victoria,
564 2318 638 2371 aliud
660 2335 727 2374 aera
746 2320 878 2374 Actiacae
899 2320 1037 2375 victoriae.
1078 2326 1153 2375 Aera
1173 2319 1243 2372 haec
1264 2319 1378 2390 integro
1399 2337 1465 2373 anno
1481 2335 1515 2386 pe
1561 2350 1563 2368 s

214 2397 312 2451 sterior
333 2407 373 2450 est
395 2399 510 2452 Actiaca
532 2396 653 2458 victorie,
675 2397 801 2452 instituta
821 2417 873 2452 non
894 2400 1001 2470 quidem
1022 2403 1095 2469 apud
1111 2400 1256 2459 Romanos,
1278 2401 1329 2452 sed
1351 2405 1442 2453 tamen
1461 2397 1515 2466 apol

170 2484 171 2487 ’
213 2479 368 2548 Aegyptios
394 2485 422 2531 et
447 2479 481 2530 ab
503 2478 564 2531 eliis
585 2477 762 2531 orientalibus
775 2476 945 2540 'nationibun
966 2479 1012 2550 qui
1033 2497 1065 2532 eo
1086 2486 1209 2549 tempore
1230 2478 1427 2533 Calendarinm
1447 2478 1515 2531 Julin
1562 2512 1563 2530 r

110 2618 111 2621 Ἴ
214 2574 276 2610 num
302 2565 463 2627 receperunt
490 2565 518 2610 et
539 2556 580 2609 sui
602 2558 664 2610 armi
686 2559 837 2629 aequabilia
862 2558 966 2612 initium
991 2560 1075 2612 llxur'n
1101 2559 1232 2621 lecerunt,
1260 2559 1345 2628 idque
1366 2574 1402 2612 ex
1423 2566 1516 2610 senatu

214 2641 344 2691 consulte.
371 2638 434 2703 (Dio
456 2638 500 2690 lib.
523 2631 579 2696 51.)
620 2638 682 2691 Alio
708 2639 813 2691 nomine
839 2647 954 2692 vocatur
980 2639 1049 2692 haec
1075 2655 1143 2691 aera
1168 2639 1203 2691 ab
1228 2655 1349 2691 excessu
1369 2639 1514 2693 Antoniiet
1561 2667 1563 2692 s

211 2724 298 2786 capta
316 2717 548 2777 Alexandriam
568 2723 610 2769 est
630 2719 709 2784 apud.
721 2719 910 2771 Ptolemaeum
930 2725 958 2778 et
979 2719 1157 2778 Clementem
1184 2718 1249 2771 item
1264 2719 1331 2771 anni
1346 2724 1514 2787 Angustam
1562 2726 1563 2744 ³

214 2799 341 2852 Deorum.
382 2799 449 2850 Cum
470 2797 554 2866 igit-ur
576 2813 665 2850 annno
686 2798 774 2865 spatio
795 2799 922 2851 differant
935 2799 1050 2853 Actiaca
1070 2797 1186 2850 victoria
1205 2804 1234 2849 et
1250 2814 1320 2851 aera
1330 2796 1514 2852 Actiacaerie
1561 2795 1563 2805 ²

214 2878 313 2938 toriae,
338 2894 424 2930 annue
444 2876 570 2929 Julianus
592 2877 637 2929 51.
663 2894 717 2930 ιιοιι
738 2884 909 2945 potestesse
930 2893 1016 2933 annua
1038 2878 1084 2932 37.
1109 2877 1242 2931 Actiacae
1262 2877 1406 2930 victoriae.
1427 2876 1514 2931 Deinde

214 2975 275 3011 curu
294 2957 313 3010 ii
335 2974 398 3010 anm
407 2956 538 3012 Actiacae
558 2956 688 3009 victoriae
709 2956 838 3025 incipiant
858 2973 876 3010 a
895 2958 939 3010 die
960 2957 1005 3011 29.
1019 2956 1148 3026 Augusti,
1170 2965 1292 3010 attamen
1314 2975 1370 3010 non
1384 2959 1420 3010 ad
1434 2971 1514 3009 mauu
1562 3024 1563 3027 Ἴ

215 3044 367 3090 currentem
392 3037 539 3095 Juliuuum,
556 3038 617 3088 sed
642 3038 678 3088 ad
703 3044 847 3107 sequentes
874 3037 1008 3090 Calendau
1034 3036 1150 3097 conferri
1176 3038 1272 3097 nolent,
1305 3036 1332 3089 id
1360 3039 1430 3106 quod
1455 3034 1501 3087 et
1496 3051 1514 3085 ιι

194 3118 288 3170 bisce
314 3116 390 3169 rrnnis
412 3125 440 3169 et
461 3115 487 3168 in
508 3115 672 3170 Diocletiani
693 3116 779 3176 aunis,
804 3116 849 3186 qui
871 3115 992 3184 ejusdem
1012 3115 1122 3186 generis
1142 3125 1213 3174 aunt,
1239 3117 1387 3169 manifeste
1407 3122 1513 3184 apparet

212 3203 304 3266 Atque
329 3196 379 3248 hoc
404 3198 481 3249 modo
508 3210 594 3249 annua
619 3195 721 3264 primun
741 3196 872 3250 Actiacae
894 3196 1024 3249 victoriae
1050 3200 1176 3249 censetur
1196 3212 1362 3249 concurrere
1382 3213 1440 3248 cum
1459 3209 1515 3247 anno

218 3279 260 3331 li.
276 3275 393 3329 Juliano.
418 3267 457 3329 1ἰῖ
467 3275 637 3337 Censorinus,
659 3275 774 3344 optimus
790 3275 967 3346 antiquitatis,
983 3276 1090 3337 vindex,
1111 3283 1253 3344 comparat
1272 3292 1376 3329 antrum
1396 3276 1514 3329 Julianun

214 3357 279 3410 293.
313 3372 372 3408 cum
398 3356 468 3409 arrno
493 3355 625 3409 Actiacae
650 3355 781 3408 vict-oriae
808 3354 881 3417 267,
906 3355 952 3409 ubi
977 3354 1123 3409 manifesta
1147 3355 1302 3409 differentia
1328 3370 1457 3408 annorum
1483 3353 1514 3407 16.

212 3432 340 3489 Decimus¹
370 3435 499 3504 septimun
529 3435 615 3504 igitur
644 3435 769 3488 Julianus
800 3442 842 3487 est
862 3435 996 3489 Actiacae
1019 3435 1150 3487 victoriae
1179 3434 1290 3503 primus.
1349 3437 1423 3488 idem
1442 3431 1515 3486 evenit

214 3516 239 3570 in
262 3517 338 3569 annia
359 3515 545 3576 Diocletianis,
564 3514 613 3584 qni
635 3531 694 3567 cum
717 3512 846 3582 incipiant
867 3531 938 3590 anno
959 3531 1043 3570 aerae
1065 3514 1238 3567 Cliristianae
1260 3514 1514 3575 2843162916·

212 3595 296 3666 gusti
332 3602 423 3648 tannen
455 3611 541 3648 arinus
568 3595 791 3650 2115566955·
822 3612 871 3663 pro
896 3587 996 3663 prime:
1032 3596 1257 3664 quemadmodum
1280 3593 1376 3647 videre
1397 3603 1439 3646 eat·
1457 3590 1514 3659 apud

211 3676 415 3731 Ambrosium'
408 3693 435 3728 m
461 3675 497 3727 iia
518 3674 665 3750 exemplis,
695 3691 766 3745 quae
792 3674 895 3728 adduxi
920 3691 979 3743 cap.
1002 3674 1047 3728 22.
1069 3676 1205 3744 Isagogec
1226 3674 1460 3744 chronologicae,
1480 3668 1515 3721 cli

212 3772 299 3808 annua
324 3755 490 3809 Diocletiani
522 3740 567 3809 7'6.
598 3755 736 3808 confertur
766 3771 826 3807 cunr
856 3771 926 3808 anno
957 3767 1041 3807 acrae
1068 3753 1240 3807 Christianae
1267 3753 1336 3807 369
1379 3755 1423 3808 Sic
1447 3765 1515 3805 anau
1561 3737 1563 3816 9

211 3826 297 3889 lliocl.
320 3834 365 3889 89.
394 3853 455 3888 curn
475 3851 545 3887 anno
567 3833 665 3886 Christi
688 3834 754 3897 373,
781 3835 820 3891 aie
842 3851 928 3887 annua
948 3834 1035 3887 Diocl
1057 3834 1104 3888 93.
1127 3849 1187 3886 oum
1208 3833 1363 3887 anno3'l'l.
1393 3831 1514 3901 lnqnbe
1560 3817 1563 3936 9

206 3915 345 3983 'exemplis
366 3914 488 3968 omnibu»¹
510 3930 595 3966 annue
617 3914 717 3966 Christi
738 3916 869 3983 uulgatus
890 3915 956 3968 235.
978 3914 1097 3966 habetur
1115 3929 1166 3981 pro
1181 3913 1267 3981 primo
1281 3912 1512 4005 Diocleffinicnr
1560 3900 1563 3983 l

212 4003 304 4047 tunren
329 3987 388 4061 ejus
414 3995 485 4048 Thot
510 3993 601 4048 inierit
626 4009 696 4047 enno
726 3995 792 4047 284
814 3993 858 4047 die
884 3994 930 4048 29.
950 3993 1080 4062 Augusti.
1121 3993 1236 4047 Novitas
1262 3992 1351 4062 igitur
1377 3995 1405 4046 e't
1424 3985 1563 4060 pmdctl
1561 4033 1563 4053 ,

212 4076 366 4142 exeruplum
394 4074 549 4127 introducta
574 4071 682 4126 uidetur
707 4072 786 4135 ratio,
816 4073 838 4125 si
865 4072 946 4141 hujus
972 4072 1082 4143 generis
1107 4089 1192 4125 annos
1212 4089 1362 4135 numerare
1382 4072 1512 4125 relirnma
1559 4061 1563 4082 ”

164 4150 168 4164 ’
210 4153 368 4227 praeteritis
395 4154 522 4207 Calendis
549 4152 675 4205 Januarii
701 4153 764 4205 anni
791 4153 917 4207 labent-ic.
958 4153 1096 4222 Exempla
1121 4154 1202 4221 plura
1228 4152 1293 4206 addi
1313 4158 1435 4222 poscunt,
1458 4162 1512 4218 qnae

211 4228 384 4287 'inveniuntur
399 4236 470 4301 apud
488 4228 677 4302 Epiphanium,
693 4231 849 4293 Eusebium,
865 4232 1027 4302 Evagrium,
1041 4233 1145 4286 Bedarn
1160 4239 1189 4285 et
1203 4229 1288 4285 alios:
1309 4234 1358 4285 sed
1374 4249 1423 4285 non
1438 4243 1509 4282 necer-

211 4330 269 4365 eum
291 4332 351 4366 esse
372 4314 500 4372 arbitror,
521 4313 687 4365 contrarium
707 4313 778 4365 enim
799 4314 955 4381 exemplum
976 4329 1018 4365 me
1041 4315 1135 4382 legere
1155 4327 1210 4373 non
1228 4313 1347 4365 memini.
1374 4313 1430 4365 Non
1445 4307 1509 4378 igitur

211 4410 297 4447 annus
318 4396 372 4447 Jol.
393 4395 439 4448 bl.
461 4392 613 4462 comparari
633 4400 726 4461 potest
745 4409 805 4445 cum
826 4409 896 4445 anno
919 4392 964 4447 37.
980 4392 1112 4447 Actiacae
1133 4387 1275 4453 victoriae,
1297 4395 1345 4444 sed
1367 4390 1448 4460 potius
1465 4400 1506 4436 enrr

210 4489 283 4527 anno
310 4474 356 4536 35,
389 4480 419 4525 et
451 4490 538 4528 annus
564 4472 610 4526 37.
637 4472 769 4528 Actiacae
794 4472 926 4526 victoriae
952 4473 1006 4525 erit
1031 4488 1118 4526 annus
1143 4472 1198 4525 Jul.
1226 4472 1273 4526 53.
1316 4472 1361 4525 Sic
1381 4484 1457 4525 annuc
1474 4465 1504 4518 23

210 4554 341 4608 Actiacae
362 4553 501 4613 victoriae,
523 4570 575 4623 quo
597 4549 720 4606 Christus
741 4560 822 4606 natus
843 4552 971 4606 scribit-ur
992 4568 1010 4606 a
1031 4553 1172 4607 Clemente
1193 4559 1221 4604 et
1237 4551 1368 4613 Eusebio,
1389 4551 1502 4605 aliusue
1561 4582 1563 4601 ι

210 4641 381 4703 conpotem,
404 4650 484 4703 quarn
507 4650 591 4689 annus
615 4635 659 4687 14.
681 4633 815 4687 Julianus.
1555 4633 1559 4659 ³
