3194 5482
642 214 743 307 Liberae
754 255 858 323 Keplert
870 256 1020 322 ιῑίιιιιιιιιιιιι
1031 261 1135 311 mutuae
1227 219 1233 252 θ’

372 475 377 482 .
427 512 458 579 1.
489 503 621 604 Sensus
640 503 775 578 Lucani
794 519 830 578 et
849 505 1045 604 descriptio
1058 505 1346 578 constellationis.
1387 539 1388 546 ι

305 666 356 728 Ad
379 664 590 725 enodationem
610 665 785 745 propositae
808 666 993 746 quaestionis
1008 666 1096 746 prins
1119 673 1208 745 atque
1232 665 1364 727 calculus
1381 664 1509 725 adeatur
1525 672 1556 727 et

136 816 138 821 .
219 754 331 817 frustra
346 753 376 815 in
391 754 506 813 incerto
522 752 597 814 mari
616 755 655 816 12
671 774 816 816 annorum
826 756 974 834 jactetur,
995 754 1222 820 considerentur
1236 754 1331 833 primo
1348 753 1448 814 omnia
1463 753 1556 814 verba

217 849 343 923 poetae,
366 841 470 922 quibus
494 843 754 905 constellationem
776 844 928 920 describit
959 843 993 905 Si
1016 843 1167 905 Saturnus
1184 836 1259 923 (ait)
1277 850 1369 912 ,esset
1383 842 1414 904 in
1436 861 1554 903 ειιιιιιιιο

219 928 312 1002 coeli,
335 932 393 992 hoc
416 939 464 991 est
485 931 516 992 in
532 930 666 1009 Cancro,
689 935 767 1012 quod
790 942 838 994 est
862 934 978 1012 signum
999 931 1192 1007 altissimum,
1214 939 1304 1013 atque
1321 931 1360 993 ihi
1376 931 1556 992 accenderet

220 1015 292 1098 (hoc
313 1027 361 1080 est
377 1019 585 1099 conjunctione
602 1042 657 1083 sua
678 1022 709 1083 in
731 1024 871 1094 ellectum
892 1022 1073 1102 produceret
1095 1029 1185 1101 atque
1209 1014 1317 1099 cieret)
1339 1021 1448 1101 uiqroa
1469 1020 1555 1100 ipsus

220 1106 265 1186 (id
288 1116 336 1170 est
356 1109 517 1170 nebulosas
540 1109 646 1172 stellas
667 1110 767 1172 Aselli
789 1119 821 1172 et
842 1105 1026 1190 Praesepe),
1057 1119 1128 1172 tunc
1149 1110 1381 1190 portenderetur
1404 1108 1553 1170 diluvium.

216 1196 301 1259 Dicit
323 1205 437 1259 autem:
453 1198 595 1279 fudisset
615 1201 777 1279 Aquum’us
798 1201 924 1273 imbres,
946 1199 994 1260 vel
1018 1199 1087 1279 quia
1102 1199 1240 1278 poeticae
1257 1198 1350 1258 servit
1364 1196 1480 1258 fictioni
1501 1215 1555 1258 nec

218 1287 298 1347 aliud
315 1286 431 1366 signum
456 1288 571 1348 zodiaci
593 1284 809 1368 magis'aptum
832 1296 880 1349 est
903 1307 990 1370 quam
1005 1288 1157 1368 Aquarius
1180 1287 1394 1349 describendae
1418 1285 1554 1347 effusioni

217 1379 373 1460 aquarum,
395 1377 443 1437 vel
459 1376 528 1456 quia
544 1376 598 1441 Sol
618 1378 648 1439 in
669 1394 716 1436 aa:
731 1377 856 1457 eclipsin
872 1377 928 1440 fuit
943 1397 1065 1458 passus,
1079 1377 1136 1439 'vel
1152 1377 1221 1456 quia
1238 1396 1303 1438 cum
1319 1375 1372 1437 Sol
1388 1376 1418 1436 in
1434 1393 1482 1434 m
1498 1383 1555 1447 est,

216 1464 345 1526 maxime
360 1465 452 1544 pluit,
475 1466 512 1526 de
528 1486 585 1546 quc
609 1466 713 1527 ultimo
729 1475 812 1527 certo
829 1467 899 1548 quid
919 1467 1120 1528 statuendum.
1150 1466 1265 1527 Verum
1284 1484 1323 1527 err
1337 1465 1396 1528 hac
1412 1472 1555 1544 sequetur

217 1553 427 1633 descriptione,
444 1561 565 1634 poetam
576 1550 596 1631 ἦ
607 1574 702 1635 neque
718 1555 748 1616 in
764 1569 796 1620 ee
813 1574 908 1636 neque
924 1547 954 1616 in
969 1571 1016 1614 m
1031 1567 1186 1637 reponere.
1216 1555 1285 1617 Non
1300 1555 1330 1615 in
1347 1568 1389 1627 ee,
1411 1553 1554 1636 quiahoc

218 1642 339 1721 lingitur
354 1664 373 1703 a
388 1650 481 1722 poeta
498 1638 675 1723 (secundum
691 1662 787 1706 meam
797 1638 1104 1724 interpretationem),
1121 1644 1146 1704 si
1162 1643 1269 1705 fuisset
1283 1644 1313 1703 in
1331 1642 1459 1715 Cancro,
1474 1641 1554 1722 plui·

216 1741 315 1795 turum
337 1731 438 1793 fuisse.
469 1729 557 1802 Quod
580 1733 658 1796 eninr
679 1734 755 1796 haec
777 1733 857 1794 fictio
881 1741 970 1794 sonet
992 1734 1028 1795 de
1052 1729 1072 1810 15
1094 1734 1173 1797 inea
1196 1740 1228 1794 et
1250 1752 1308 1794 non
1332 1731 1368 1793 de
1392 1727 1462 1807 liin
1476 1729 1555 1802 Mc„

215 1828 303 1901 patet
323 1821 407 1894 inde,
430 1821 498 1900 quia
514 1820 590 1882 alias
607 1823 725 1883 omnino
749 1823 943 1897 nesciremus,
966 1822 1036 1902 quid
1059 1823 1115 1884 sihi
1136 1822 1251 1883 vellent
1271 1821 1323 1884 illa
1338 1822 1432 1882 verba
1447 1820 1555 1900 uipros

216 1911 394 1971 mcusdmt
416 1911 510 1990 ipsus
546 1910 663 1971 Deinde
684 1911 752 1992 qnia
775 1911 854 1971 infra
875 1911 960 1990 ponit
982 1919 1007 1980 d
1028 1910 1058 1971 in
1080 1921 1115 1990 tq
1138 1917 1170 1970 et
1192 1928 1258 1971 cum
1280 1910 1389 1983 cauda,
1412 1915 1555 1989 quaeest

200 2038 201 2044 ι
216 1999 326 2060 triente
343 1999 380 2060 ah
396 1999 511 2061 Asellis
527 2008 652 2073 remota,
669 2019 792 2080 cumque
807 1999 864 2061 hoc
881 2007 971 2079 pacto
988 1999 1089 2062 futura
1105 2000 1213 2061 fuisset
1228 1996 1426 2078 triangulatio
1443 1994 1464 2075 b
1482 2004 1515 2059 et
1530 2004 1555 2065 d

215 2089 245 2150 in
262 2101 291 2152 ee
311 2095 342 2147 et
357 2097 405 2165 tq,
425 2088 553 2150 humidis
570 2088 679 2168 signis,
700 2097 732 2148 et
747 2089 827 2169 apud
842 2087 1067 2150 efficacissimas
1083 2090 1174 2151 fixas:
1198 2096 1282 2149 recte
1301 2084 1426 2167 (saltem
1444 2105 1553 2170 secun-

168 2168 171 2172 ’
215 2177 284 2238 dum
295 2175 418 2257 antiqua
427 2177 648 2257 astrologorum
659 2171 796 2256 decreta)
814 2177 1012 2240 conclusisset
1021 2177 1168 2257 Nigidius
1180 2176 1394 2240 'inundationes
1404 2174 1555 2256 portendi.

216 2266 279 2328 Sed
295 2285 390 2346 neque
406 2266 497 2326 inm
514 2273 639 2346 apoeta
654 2267 809 2345 reponitur
825 2267 881 2340 sic,
904 2272 938 2328 ut
958 2263 1106 2344 dicati}
1098 2283 1191 2328 unm
1206 2286 1237 2327 ιιι
1251 2265 1327 2340 ΜΟ
1352 2265 1421 2346 quia
1437 2282 1555 2328 rursum

216 2355 292 2416 haec
308 2375 326 2415 a
342 2360 435 2434 poeta
449 2372 503 2434 per
518 2356 644 2434 figuram
658 2354 787 2418 fictionis
804 2356 960 2434 proferunt
961 2374 1009 2418 ur:
1034 2377 1059 2417 si
1051 2351 1119 2433 Τῇ
1112 2372 1203 2417 ιιιΛΑΜ
1157 2398 1203 2415 a„
1220 2362 1311 2428 esset,
1327 2363 1456 2417 tunc*
1409 2397 1456 2414 a„
1466 2354 1554 2434 plue·

214 2452 283 2505 ret
302 2441 417 2514 Quibus
433 2444 533 2504 verbis
549 2445 629 2505 inest
644 2445 690 2505 vis
707 2444 844 2523 negandi.

134 2592 135 2600 ,
303 2531 442 2593 Secundo
458 2532 563 2613 inquit,
579 2553 604 2595 ιι
596 2531 660 2610 Θ
678 2534 784 2595 esset
775 2554 811 2594 ιιι
823 2538 856 2608 52,
870 2499 1123 2617 portenderentur
1138 2527 1285 2594 incendia.
1319 2530 1417 2593 Recte
1434 2538 1468 2591 et
1482 2529 1554 2591 hoc:

136 2635 140 2647 ’
207 2617 256 2703 Θ
274 2628 340 2682 cnm
356 2622 451 2684 cauda
468 2625 492 2696 Q
508 2630 541 2684 et
556 2631 581 2692 (ς
597 2641 663 2699 cum
679 2623 769 2683 corde
784 2633 819 2700 tq
835 2623 1001 2703 quadrante
1019 2621 1181 2696 distarent,
1204 2621 1283 2702 qu'od
1298 2640 1364 2682 cum
1379 2621 1427 2694 fit,
1450 2627 1554 2681 astro·

214 2710 299 2789 logi
291 2729 377 2789 ignes
392 2711 602 2790 praesagiunt,
624 2712 731 2790 etjam
747 2710 907 2792 aliquibus,
930 2712 979 2793 qni
995 2713 1119 2774 cremati
1136 2719 1219 2784 sunt,
1241 2709 1355 2772 talia'
1332 2728 1419 2789 srgna
1434 2708 1555 2786 fulsere.

103 2859 123 2875 ,,
179 2831 181 2836 v
214 2797 366 2880 Sequitur
380 2818 466 2879 ergo·
492 2796 531 2877 Θ
555 2819 615 2861 non
637 2820 704 2862 esse
727 2800 811 2875 ἰιιιῖ,
834 2801 913 2930 quod
933 2808 965 2861 et
983 2801 1103 2883 poeta
1095 2820 1159 2880 ipse
1179 2808 1286 2879 negat
1292 2799 1340 2861 his
1361 2797 1477 2860 verbis:
1506 2795 1557 2876 H*

215 2888 461 2999 recreationes.

151 3020 152 3023 ι
254 2977 403 3038 Tertio
419 2977 532 3056 pergit:
549 2977 625 3078 quid
639 2978 736 3060 igitar
750 2927 856 3040 adbuc
867 2934 1038 3058 permedia,
1052 2977 1146 3040 Meus
1159 2998 1229 3040 eum
1236 2975 1428 3082 Scorpione?
1450 2976 1555 3036 Mani·

214 3067 274 3134 fest
276 3085 291 3127 e
307 3065 394 3146 ponit
408 3065 563 3127 Martem
555 3085 585 3127 ιιι
601 3063 775 3146 Scorpione.
806 3065 869 3127 Sed
886 3066 984 3128 addit:
1009 3066 1171 3148 chelasque
1183 3068 1318 3148 paura,
1341 3065 1419 3146 quod
1436 3064 1556 3166 quidem

159 3152 160 3155 ’
199 3154 421 3241 'difficultatem
441 3155 535 3234 parit;
560 3174 629 3215 nam
646 3156 773 3217 chelae
765 3176 796 3216 ιιι
811 3155 904 3217 Libra
924 3156 1036 3217 fueret
1023 3163 1109 3230 tunc,
1132 3164 1164 3217 et
1179 3157 1339 3219 hodiedum
1359 3176 1394 3216 as
1397 3153 1556 3215 terismum

213 3244 323 3306 Librae
340 3243 542 3317 constituunt3
567 3245 713 3323 quomodo
734 3245 826 3324 igitur
836 3244 962 3307 simulin
978 3244 1163 3325 Scorpione?
1194 3246 1290 3325 Igitur
1306 3242 1457 3315 existimo,
1473 3251 1552 3344 poe·

214 3333 305 3395 ticam
321 3352 389 3394 esse
405 3354 587 3408 emorousae,
603 3331 761 3413 Scorpioni
778 3333 856 3394 enim
872 3334 974 3395 chelas
990 3334 1145 3414 affingunt.
1174 3335 1216 3395 Et
1231 3334 1325 3395 chelis
1336 3332 1474 3394 accensis
1490 3331 1556 3393 sive

214 3431 301 3484 aestu
317 3423 439 3483 admoto
454 3422 583 3484 maxime
600 3423 696 3483 cauda
703 3421 864 3504 flagrante
872 3423 1118 3503 miuuoernfingit
1129 3422 1286 3504 Scorpium
1298 3423 1440 3484 futurum
1465 3420 1556 3482 Alias

91 3508 93 3510 ’
133 3522 136 3526 ⁴
171 3546 176 3553 ·
213 3496 298 3575 Mars
315 3530 381 3572 cum
397 3511 490 3573 chelis
506 3510 580 3573 nihil
596 3511 672 3573 adeo
694 3517 784 3574 atrox
805 3511 963 3591 significat
1007 3512 1175 3575 Audiamus
1195 3531 1321 3592 namque
1336 3509 1557 3582 Ptolemaeum,

215 3621 264 3682 qur
256 3600 433 3662 Lucanum
455 3599 609 3680 Nigidiani
631 3601 784 3680 praesagii
807 3601 999 3662 formatorem
1022 3602 1108 3663 annis
1132 3621 1191 3663 non
1213 3602 1341 3682 amplius
1364 3595 1406 3662 70
1429 3607 1556 3661 secutus

134 3686 142 3697 '
215 3696 270 3752 est
304 3691 358 3764 ,ln
375 3689 509 3762 chelis,
501 3690 612 3770 inquit,
628 3709 704 3771 quac
722 3690 837 3751 suntin
848 3691 923 3769 jugo
940 3691 1012 3750 sive
1020 3690 1122 3765 chelis,
1140 3689 1258 3771 Scorpii
1274 3697 1428 3752 extremae
1445 3687 1557 3749 stellae

214 3780 339 3865 effectus
354 3778 470 3841 hahent
486 3778 598 3841 similes
620 3778 729 3841 stellae
744 3779 830 3841 Jovis
847 3785 878 3839 et
893 3778 1050 3854 Mercurii,
1072 3779 1188 3841 mediae
1211 3799 1282 3842 vero
1300 3776 1425 3841 Saturni
1447 3783 1480 3845 et
1496 3774 1557 3838 ali-

214 3875 358 3951 quantum
377 3866 508 3929 Martis“
527 3867 592 3942 dre,
606 3867 725 3948 Scorpii
739 3887 811 3929 vero
827 3867 956 3929 frontem
979 3877 1011 3930 et
1034 3888 1085 3930 cor
1100 3868 1276 3949 simpliciter
1290 3866 1452 3930 Martiales
1473 3866 1557 3928 facit

178 4035 182 4044 ,
213 3955 297 4020 Idem
313 3956 384 4018 alibi
400 3957 546 4030 affirmat,
569 3957 671 4018 chelas
688 3958 805 4036 signum
819 3957 935 4018 varium
956 3965 988 4018 et
1002 3958 1162 4032 mutabile,
1186 3956 1360 4039 Scorpionis
1383 3974 1457 4016 vero
1473 3955 1557 4018 toni-

215 4057 351 4110 truosum
373 4065 409 4107 ac
425 4046 552 4125 igneum
584 4044 816 4108 Consideremus
834 4046 899 4124 jam
922 4053 955 4106 et
975 4045 1041 4119 illa,
1064 4065 1140 4128 quae
1162 4048 1257 4127 primo
1281 4055 1313 4108 et
1334 4045 1468 4106 secundo
1488 4044 1557 4107 loco

214 4136 351 4209 diximus,
372 4153 467 4215 neque
483 4134 653 4196 dubitemus
668 4135 801 4197 Martem
816 4154 883 4196 cum
898 4134 987 4198 corde
1002 4145 1051 4213 1η,
1074 4156 1133 4198 non
1150 4155 1216 4199 cum
1231 4135 1329 4199 stellis
1344 4142 1393 4200 ἓ
1408 4133 1557 4214 conjunc-

213 4235 277 4289 tum
293 4223 440 4286 denotari.

303 4312 430 4384 Quarto.
459 4310 566 4382 Mitis,
589 4311 699 4392 inquit,
720 4314 756 4374 e'u
770 4309 834 4375 atu
850 4311 978 4393 Jupiter
993 4332 1106 4377 occasu
1120 4314 1273 4394 premitur.
1303 4314 1339 4375 In
1354 4313 1413 4373 hac
1427 4310 1558 4373 incerti-

215 4402 318 4465 tudine
334 4401 479 4482 temporis
495 4399 571 4461 varii
588 4419 694 4463 sensus
704 4401 804 4463 verbis
814 4401 897 4463 hisee
914 4402 1016 4482 affingi
1032 4409 1168 4482 possunt
1191 4403 1257 4464 Aut
1272 4402 1350 4463 enim
1364 4399 1431 4463 vult
1447 4399 1560 4475 dicere,

214 4492 322 4554 Jovem
336 4492 367 4555 in
384 4511 437 4553 suo
454 4490 634 4551 detrimento
650 4490 779 4565 versari,
801 4509 842 4552 sc.
864 4490 894 4551 in
910 4494 942 4562 Π
957 4491 1044 4571 signo
1060 4492 1138 4566 alto,
1159 4499 1194 4553 ut
1208 4491 1317 4572 premi,
1338 4491 1396 4551 hoc
1412 4497 1463 4550 est
1478 4489 1559 4551 male

214 4581 346 4662 positum
369 4599 436 4643 esse
460 4598 526 4641 eum
546 4579 630 4641 dicat
647 4578 679 4645 iu
695 4598 819 4654 occasu,
841 4579 872 4641 id
895 4586 943 4641 est
959 4600 1032 4642 casu
1051 4582 1100 4642 vel
1115 4587 1239 4661 propter
1260 4599 1371 4647 casum.
1408 4576 1560 4649 Quamvis

216 4668 294 4731 enim
310 4670 388 4732 inter
404 4689 505 4731 casum
522 4676 555 4730 et
569 4670 782 4732 detrimentum
797 4667 965 4750 distinguat
984 4676 1093 4751 poeta,
1115 4678 1216 4731 tamen
1236 4669 1267 4730 in
1288 4667 1427 4751 opposito
1450 4668 1560 4731 domus

216 4768 289 4822 suae
305 4775 440 4837 versans,
456 4760 543 4823 domo
559 4777 615 4822 sua
630 4757 778 4821 excidisse
794 4757 866 4838 fingi
879 4765 993 4841 potest
1022 4758 1088 4825 Ant
1103 4757 1170 4823 vult
1184 4758 1293 4836 dicere,
1306 4760 1417 4841 Joqem
1432 4757 1508 4836 alte,
1527 4757 1562 4822 id
