3194 5482
646 273 746 326 Literna
757 273 861 340 Kapleri
872 272 1025 340 morumque
1036 276 1140 324 mutuae

428 513 463 582 3.
494 504 590 588 Quid
608 529 733 578 ansam
750 503 887 576 dederit
905 503 1090 602 erigendae
1108 501 1241 627 figurae
1260 502 1357 577 coeli.

317 652 420 715 Tertio
441 650 509 713 loco
533 648 754 711 consideremus
776 646 1012 751 magnitudinem
1033 653 1174 721 eventus,
1197 639 1284 728 quem
1303 666 1341 708 ex
1363 645 1439 707 coeli
1462 645 1560 725 positu

224 741 349 822 Figulus
371 739 530 842 praedixit
575 740 709 802 Necesse
739 737 818 799 enim
844 744 907 809 eet,
934 735 1010 798 alias
1040 735 1183 798 accedere
1209 735 1452 798 circumstantias
1475 755 1561 816 quam

225 829 387 893 Martem
379 850 411 891 m
427 828 592 909 Scorpione
609 828 704 889 solum
727 828 851 899 fortem,
875 825 997 906 reliquis
1011 824 1142 905 planetis
1158 813 1332 899 debiliiatis,
1347 825 1427 906 quod
1443 824 1560 905 saepis·

225 919 298 983 sime
318 919 361 980 fit.
408 916 710 981 circumstantiarum
730 922 846 988 autem,
869 934 950 996 quas
964 913 1013 976 hic
1034 914 1090 975 sibi
1110 913 1217 995 aliquis
1232 914 1339 993 fingat,
1361 933 1508 976 summum
1524 915 1561 975 ad

224 1014 353 1089 quatuor
376 1007 551 1110 conjectura
574 1005 716 1085 consequi
732 1024 870 1085 possum,
891 1011 926 1065 ut
941 998 1048 1083 nempe
1063 1003 1187 1084 Figulus
1210 1011 1263 1065 aut
1278 1003 1399 1083 eclipsis
1415 1002 1499 1067 Solis
1514 1003 1561 1065 vel

223 1098 338 1171 Lunae,
354 1097 431 1170 ιιι
423 1115 577 1175 rugressus
592 1094 699 1157 Solis'
691 1114 721 1155 m
737 1098 771 1169 5
786 1093 835 1154 vel
850 1091 894 1170 Y,
910 1099 963 1154 aut
978 1101 1064 1155 ortus
1080 1091 1252 1168 Caniculae,
1272 1101 1325 1155 aut
1341 1091 1468 1174 denique
1484 1092 1561 1155 illius

223 1184 368 1266 temporis
385 1190 417 1246 et
430 1185 538 1259 horae,
560 1204 619 1265 qua
642 1183 678 1246 de
700 1182 844 1264 prodigiis
867 1182 1022 1245 consultus
1044 1182 1102 1244 fuit
1116 1189 1169 1244 aut
1184 1201 1242 1262 quo
1262 1190 1366 1245 uatum
1385 1189 1561 1255 monstrum,

224 1276 347 1338 schema
363 1275 494 1337 coeleste
508 1272 684 1355 inspexerit
716 1271 965 1351 Conjuuctionem
980 1271 1058 1333 enim
1074 1279 1128 1333 aut
1142 1270 1360 1352 oppositionem
1376 1271 1562 1373 superiorum

126 1360 133 1380 ³
224 1364 337 1427 nullam
351 1363 404 1427 illa
420 1370 557 1444 tempora
572 1362 713 1426 habuere.
742 1362 822 1433 Nam
837 1380 913 1442 quae
935 1360 1104 1442 praecessit
1126 1359 1294 1439 conjunctio
1310 1360 1414 1432 ιιι·
1404 1381 1435 1422 ιι
1453 1378 1562 1421 aunum

207 1451 284 1533 ‚66,
307 1473 383 1534 quae
400 1453 534 1539 sequitur
550 1452 580 1514 in
594 1461 631 1529 ιιι
645 1450 678 1513 ιι
691 1449 742 1512 46.
764 1459 834 1512 aute
853 1449 1006 1513 Christum
1025 1448 1138 1512 incidit
1174 1448 1389 1531 Quadrangulo
1405 1444 1561 1530 quidemii

225 1548 257 1603 et
271 1541 301 1616 ll
317 1561 350 1604 se
366 1550 468 1604 mutuo
478 1541 764 1623 respicerepotuere
781 1553 861 1604 exea
878 1546 966 1600 et*m
918 1548 1081 1621 *atque
1096 1540 1173 1602 haec
1188 1538 1328 1601 fortassis
1343 1537 1562 1620 illaoppressio

223 1631 356 1802 ἐιιιῖπ
364 1629 516 1712 Quidquid
540 1636 650 1693 autem
670 1629 788 1739 illorum
818 1635 946 1709 quatuor
975 1629 1080 1744 fuerit,
1106 1628 1172 1709 jam
1201 1634 1307 1712 quarto
1336 1627 1403 1691 loco
1428 1627 1562 1691 calculus

484 1870 485 1873 ’
529 1884 564 1949 4.
595 1876 786 1952 Consultus
806 1860 959 1952 calculus
978 1856 1259 1951 Astronomicus.

313 2025 454 2124 <enemim
467 2027 627 2094 sequentibus
643 2030 807 2092 praemissum
823 2025 967 2092 ambimur.)
991 2021 1073 2124 Ergo
1089 2039 1167 2082 anuo
1178 2026 1249 2082 aute
1260 2017 1414 2083 Christum
1424 2026 1563 2082 currente

227 2111 473 2215 quiuquagesimo
497 2109 545 2171 die
568 2110 619 2170 22.
633 2109 738 2170 Martii
761 2128 839 2171 anuo
853 2110 990 2185 iuliano,
1013 2129 1062 2191 qur
1054 2108 1233 2213 respondit
1254 2109 1316 2170 fere
1331 2108 1477 2172 Januario
1494 2108 1564 2172 anui

135 2216 136 2219 ’
225 2201 339 2264 veteris
354 2199 493 2274 Romani,
501 2200 593 2265 Μιιι
608 2197 706 2260 medio
722 2205 805 2260 motu
815 2197 1001 2278 jungebatur
1016 2197 1098 2261 cordi
1112 2209 1148 2277 tq
1162 2199 1193 2261 iu
1210 2192 1269 2260 ll⁰
1279 2208 1326 2275 ιι.

313 2289 390 2354 Cum
405 2295 507 2352 autem
524 2288 604 2351 circa
620 2287 671 2350 23
680 2285 785 2349 Martii
801 2306 836 2348 eo
853 2295 988 2368 tempore
999 2286 1053 2350 Sol
1064 2288 1282 2368 aequinoctium
1292 2286 1465 2361 confecerit,
1481 2288 1563 2349 veri-

190 2381 191 2385 ’
225 2379 320 2444 simile
342 2378 519 2459 igiturest,
546 2375 728 2457 Nigidium
720 2375 889 2458 inspexisse
912 2376 1033 2441 schema
1061 2377 1201 2439 introitus
1224 2375 1335 2439 Solis
1326 2395 1357 2438 ιι
1378 2374 1422 2453 Υ.
1461 2373 1565 2446 Quare

224 2474 324 2532 motus
346 2467 538 2549 planetarum
560 2472 757 2546 quaerantur:
787 2465 913 2547 primum
934 2466 1089 2547 ingressus
1112 2464 1151 2544 Q
1174 2466 1205 2528 iu
1220 2465 1264 2544 Y.
1309 2470 1457 2537 (cslculns.)
1483 2465 1563 2531 Our-

224 2565 311 2622 rente
327 2558 378 2635 23.
382 2556 494 2634 Martii
508 2555 539 2619 in
548 2554 749 2635 Regiomonte
766 2555 786 2618 3
798 2554 880 2618 horis
896 2562 968 2617 aute
983 2556 1111 2617 mediam
1126 2563 1247 2618 noctem
1261 2555 1318 2617 fuit
1332 2555 1564 2636 aequinoctium,

224 2636 340 2712 Romae
357 2665 427 2709 vero
443 2645 533 2708 horls
542 2644 563 2706 4
579 2646 650 2709 lere.
680 2643 762 2725 Ergo
779 2645 818 2706 ad
833 2644 916 2707 illam
929 2645 1058 2707 mediam
1074 2651 1194 2708 noctem
1208 2652 1390 2749 quaerantur
1410 2645 1479 2707 loca
1494 2644 1564 2725 pla·

225 2744 374 2826 netarum.
418 2738 568 2807 (ὒιιιιιιι.)
591 2733 774 2797 Ειιιιιιιιο
790 2733 905 2796 calculo
921 2734 984 2797 ad
975 2753 1143 2815 mgressum
1159 2731 1224 2812 Q
1215 2755 1245 2796 m
1261 2733 1304 2812 Y,
1321 2742 1458 2815 apparet,
1473 2734 1563 2816 Nigi-

225 2827 305 2889 dmm
315 2825 352 2888 de
362 2825 421 2888 hoc
431 2824 585 2887 schemate
596 2823 673 2886 coeh
683 2842 742 2885 nou
752 2822 840 2904 loqua
864 2823 945 2886 Nam
960 2840 1054 2904 neque
1072 2821 1097 2898 Ω
1114 2824 1168 2886 sub
1183 2824 1285 2901 radiis,
1300 2842 1395 2926 neque
1412 2824 1434 2901 ζι
1451 2825 1565 2887 statio-

225 2915 336 2990 narius,
352 2933 408 2977 uec
424 2909 519 3017 (quod
535 2920 584 2975 est
599 2920 691 2993 caput
705 2906 765 2994 rei)
782 2920 807 2982 d
822 2923 893 2975 vero
909 2921 942 2974 et
956 2913 1066 2976 visibili
1080 2913 1187 2975 motu
1179 2933 1209 2997 ιιι
1223 2923 1267 2991 ιη,
1288 2913 1365 2976 sed
1357 2933 1388 2974 ιι
1403 2918 1434 2986 ,2¹
1450 2913 1565 2977 existit

225 3006 328 3086 Atque
345 3003 464 3066 etiam
456 3022 523 3084 rpea
537 3002 654 3064 Lucani
668 3002 762 3063 verba
777 3002 855 3064 hanc
876 3002 962 3066 nobis
978 3003 1147 3084 opinionem
1162 3003 1328 3065 excutiunt
1356 3002 1462 3083 Fingit
1477 3023 1564 3066 uaru-

226 3113 299 3174 que,
328 3092 354 3155 si
377 3089 417 3170 Q
440 3093 472 3154 in
501 3095 646 3167 Qesset
676 3091 937 3154 constellationem
965 3091 1048 3154 illam
1071 3092 1209 3154 incendia
1240 3092 1485 3172 significaturam.
1531 3090 1567 3156 Si

227 3179 267 3260 Q
292 3183 324 3244 in
349 3186 373 3258 Q
399 3201 467 3244 esse
490 3185 609 3262 potest,
637 3199 709 3260 ergo
734 3180 942 3256 constellatio,
971 3181 1007 3243 de
1032 3202 1090 3263 ιιιι
1114 3182 1257 3263 loquitur,
1285 3201 1345 3244 nou
1369 3182 1566 3263 accipitvrm
1505 3182 1566 3245 vim

226 3290 312 3336 suam
334 3271 403 3333 ab
394 3289 533 3350 ingressu
556 3264 596 3347 Q
618 3268 722 3347 inY;
754 3269 832 3351 quod
854 3270 940 3332 uobis
963 3278 1030 3334 erat
1050 3272 1319 3353 praesuppositum.
1363 3271 1483 3334 Deinde
1508 3290 1567 3354 quo

227 3369 363 3442 tempore
379 3359 435 3423 Sol
450 3359 530 3422 fuit
516 3377 676 3439 ingressus
691 3358 842 3434 Arietem,
859 3359 924 3440 jam
939 3361 1020 3423 fama
1040 3367 1107 3423 erat
1123 3361 1159 3423 de
1174 3359 1263 3423 hoste
1282 3360 1465 3442 reipublicae
1483 3359 1567 3425 Cae·

228 3469 306 3514 sare
329 3445 429 3530 Figuli
444 3468 516 3511 vero
532 3442 706 3511 vaticinium
721 3467 807 3529 quasi
799 3407 860 3510 'de
875 3468 908 3510 re
923 3449 1060 3514 inaudita
1075 3458 1172 3512 sonat.
1195 3450 1327 3514 Primum
1343 3450 1422 3511 enim
1437 3450 1569 3524 dubitat,

227 3540 298 3621 quid
313 3538 506 3620 respondeat,
520 3544 651 3620 pestem,
674 3558 714 3602 an
729 3545 829 3600 terrae
844 3545 957 3615 motus,
980 3559 1019 3601 ιι
1033 3539 1258 3616 inundationes,
1278 3561 1316 3602 ιι
1332 3526 1486 3614 incendia;
1511 3540 1568 3602 de-

226 3629 314 3692 inde
321 3628 483 3690 confidenti
506 3628 686 3707 conjectura,
702 3627 789 3689 civile
810 3628 921 3694 bellum
943 3629 1102 3691 concludit.
1139 3628 1240 3699 Quare
1261 3649 1318 3691 nos
1340 3636 1462 3709 oportet
1483 3637 1568 3692 retro

229 3718 393 3782 ascendere
416 3734 521 3779 versus
543 3716 660 3780 initium
682 3715 753 3780 anui
773 3716 1009 3798 quinquagesimi
1032 3725 1103 3781 aute
1119 3717 1281 3782 Christum.
1315 3719 1384 3782 Nou
1406 3738 1569 3822 possumus

228 3807 307 3870 enim
330 3807 369 3868 ad
391 3806 508 3869 initium
528 3804 579 3868 48.
596 3806 666 3869 anui
690 3807 888 3880 descendere,
911 3808 980 3888 quia
1000 3808 1161 3889 praesagia
1183 3815 1304 3890 oportet
1325 3808 1369 3870 rei
1388 3807 1570 3889 principium

226 3896 418 3979 praecedere.
452 3895 495 3957 Et
515 3894 601 3957 initio
621 3895 672 3967 60.
689 3895 759 3957 anni
781 3894 962 3976 reperiemus
979 3898 1032 3967 d
1023 3918 1055 3960 m
1069 3903 1119 3975 ιι,
1141 3897 1415 3975 §stationarium
1406 3917 1437 3958 ιι
1453 3897 1570 4001 lines,

228 3988 380 4049 Venerem
396 3985 466 4048 sub
473 3984 567 4046 radiis
589 3986 688 4074 iu5.
709 3982 881 4055 Quaeratur
902 3985 994 4066 igitur
1017 3985 1179 4049 solstitium
1194 3988 1327 4050 brumale
1342 3987 1401 4048 fine
1422 3987 1494 4049 anni
1516 3986 1570 4050 51

227 4082 300 4139 ante
316 4074 479 4139 Christum.
524 4077 671 4145 (cneum.)
696 4073 786 4136 Anno
803 4073 854 4138 51.
871 4082 941 4137 aute
959 4073 1114 4139 Christum
1134 4077 1173 4138 ad
1192 4078 1281 4141 finem
1302 4077 1497 4150 decurrente,
1519 4075 1570 4137 die

228 4184 270 4227 sc.
293 4165 343 4228 23.
359 4162 537 4226 Decembris
560 4163 631 4225 stilo
653 4162 774 4227 Juliauo
795 4159 854 4244 Ι(ιι
877 4183 943 4226 eum
967 4165 1125 4245 Augustus
1148 4158 1295 4245 correxit)
1319 4173 1402 4227 retro
1428 4172 1571 4239 extenso,

224 4253 343 4335 vesperi
364 4259 438 4334 post
458 4254 563 4316 boram
584 4253 720 4356 quintam
733 4252 849 4316 Romae
870 4252 924 4316 Sol
946 4255 1100 4335 ingressus
1122 4262 1170 4317 est
1184 4262 1327 4336 punctum
1350 4253 1515 4317 solstitiale
1538 4254 1572 4316 in

224 4342 370 4425 principio
391 4346 433 4420 5.
478 4340 671 4411 Quaerantur
693 4341 794 4423 itaque
817 4342 856 4404 ad
874 4351 1053 4424 sequentem
1075 4343 1202 4406 mediam
1224 4351 1344 4406 noctem
1356 4344 1434 4406 ·loca
1455 4344 1571 4424 plane-

226 4440 333 4495 tarum
362 4432 411 4496 Et
420 4430 553 4512 erigatur
568 4433 684 4494 thema:
700 4431 750 4493 ubi
765 4432 870 4494 horam
885 4432 996 4498 livel6
1011 4433 1223 4524 vespertinam,
1239 4451 1297 4515 qua
1311 4432 1387 4495 hora
1398 4431 1452 4495 Sol
1470 4452 1571 4514 ιιιιι-

227 4529 291 4583 tum
306 4521 459 4584 cardinale
475 4522 637 4585 seeundum
652 4520 831 4584 Pruteuioas
848 4522 973 4597 accedit,
990 4541 1105 4585 sumere
1121 4542 1180 4584 nou
1195 4541 1327 4604 possum.
1365 4521 1471 4586 Oritur
1489 4523 1572 4584 euim

229 4624 262 4677 εδ
285 4616 318 4673 et
338 4615 367 4684 3(
389 4612 489 4674 suut
481 4632 512 4675 ru
534 4611 631 4674 medio
655 4610 753 4673 coelo:
777 4619 917 4693 essetque
938 4612 1024 4675 Mars
1046 4613 1102 4675 sub
1124 4613 1234 4687 Terra,
1255 4612 1406 4693 Jupiter
1397 4633 1430 4675 ιι
1451 4619 1523 4675 ortu
1540 4619 1572 4675 et

229 4699 364 4762 dominus
380 4700 502 4781 figurae
531 4701 649 4766 Forsan
670 4700 762 4783 igitur
783 4700 963 4783 Nigidianae
986 4702 1118 4766 calculus
1137 4700 1256 4806 aliquot
1273 4701 1358 4770 horis
1381 4699 1572 4793 aCoperui-

228 4808 304 4854 cauo
325 4788 517 4871 dserepavit
548 4789 650 4914 Quare
665 4797 827 4876 quaeratur
841 4793 931 4870 hore,
953 4810 1012 4876 qua
1027 4789 1122 4856 Orion
1138 4791 1214 4857 est
1205 4812 1237 4856 m
1253 4810 1364 4857 occasu
1378 4793 1572 4876 conspicuus
