3150 5482
615 220 695 275 Notae
712 221 826 272 aciem.
1313 219 1374 279 657

65 393 148 446 lucem
172 396 298 460 publicam
322 397 461 448 dedicaret
485 396 628 448 methodum
660 396 861 449 ιιιιιιιιιιιιιιι.
882 431 889 446 .
909 432 915 445 .
935 431 941 444 .
979 395 1060 446 Plana
1081 393 1301 459 illaKeplariuua
1319 408 1376 444 cnm

64 468 92 516 in
110 473 229 531 punctum
247 469 337 526 omnia,
356 476 383 518 et
399 482 502 532 corpora
520 471 546 518 iu
563 482 637 520 ιιιιι
649 472 752 526 ιιιιιιι,
770 472 853 518 miuus
870 467 903 516 ad
921 480 974 516 sem
992 468 1076 515 lacero
1089 468 1143 516 visa
1160 465 1375 523 sustentatorem,

64 540 144 587 utitur
168 553 228 603 ergo
252 539 296 589 ille
315 541 387 589 lineis
409 547 435 589 at
452 539 582 604 parallelis
599 539 682 603 plania
701 539 890 589 indivisibiiibua
908 545 936 587 et
952 537 1064 594 induitis,
1082 534 1162 604 deque
1180 537 1232 586 illia
1250 536 1377 586 concludit

65 606 101 666 id,
120 610 185 672 quod
203 609 233 660 da
251 611 328 660 dultia
346 613 480 675 quaeritur.
517 612 628 675 Agnovit
643 612 790 661 cavalerius
808 610 941 659 solidorum
963 606 1137 664 rotundorum,
1168 606 1375 671 quemadmodum

66 688 95 728 ot
110 679 244 743 Kepierus,
263 684 375 746 genesim
393 683 447 731 fieri
465 692 495 731 ιι
514 684 635 731 ιιιιιιιιι
653 682 784 744 planorum
803 683 871 730 circa
887 693 969 736 ιιιιι,
993 678 1044 727 ιιι
1056 677 1176 741 quomodo
1194 692 1226 727 ex
1242 679 1290 730 hoo
1307 680 1375 742 prin·

67 752 131 813 cipio
150 752 248 815 reliqua
269 765 333 816 quae
357 752 504 802 intendebat
519 765 582 817 pure
608 755 759 816 geometrice
781 751 923 807 deduceret,
942 749 989 798 hoc
1001 749 1045 798 tiit
1063 763 1112 798 uon
1126 750 1238 799 venitin
1256 759 1375 806 ιιιιιιιι,

64 821 128 870 licet
144 836 197 870 rem
215 824 363 886 ipsaniam
380 824 552 887 auspicaretur
570 850 602 860 -
622 831 733 872 centrum
752 822 870 871 videlicet
887 822 1027 886 gravitatis.

154 908 267 960 Adhaee
281 911 482 961 cavalerius
500 909 609 969 inlibro,
622 924 695 976 quem
708 912 847 975 inscripsit:
866 909 1137 959 Exercitationes
1154 908 1374 958 Geometricae

66 996 123 1030 sex
142 978 248 1039 (Bonon.
270 978 356 1043 1647),
383 982 544 1046 respondens,
564 983 696 1041 Gnidinus,
714 983 802 1046 lnquit,
822 981 862 1030 hic
881 980 1008 1029 decianam
1027 978 1133 1035 videtur,
1152 993 1180 1028 se
1198 978 1273 1029 libros
1292 977 1374 1029 diotae

65 1054 222 1116 geometriae
248 1062 364 1102 accurate
382 1054 469 1118 legero
491 1067 542 1102 non
560 1055 678 1118 potuisse.
717 1054 743 1105 si
762 1055 828 1102 enim
847 1066 897 1109 eos,
916 1063 967 1115 qua
984 1048 1139 1115 congruebat
1156 1050 1296 1114 diligentia,
1314 1062 1374 1100 exa-

63 1124 200 1177 minasset,
228 1130 288 1172 tunc
315 1138 411 1188 quoque
436 1125 559 1188 potuisset
584 1124 796 1181 animadvertere,
820 1136 895 1189 quam
913 1121 1013 1171 diversa
1036 1122 1087 1169 sint
1110 1122 1238 1186 utriunque
1264 1120 1375 1170 methodi

63 1193 237 1244 fundamenta.
280 1193 404 1258 Kepierus
428 1196 495 1244 enim
520 1210 550 1245 ex
574 1196 746 1244 minutissimis
773 1193 915 1257 corporibus
939 1190 1120 1256 quodammodo
1137 1193 1233 1254 maiora
1250 1190 1376 1255 componit

62 1265 145 1328 iisque
163 1265 241 1315 utitur
257 1273 377 1330 tanquam
395 1265 606 1325 concurrentibus,
625 1266 666 1316 ubi
685 1268 737 1330 ipse
755 1264 803 1315 hoc
820 1272 918 1313 tautum
936 1262 1001 1319 dico,
1018 1262 1097 1325 plana
1113 1277 1168 1311 esse
1186 1270 1215 1311 ιι
1232 1268 1376 1327 aggregata

63 1337 175 1384 omnium
199 1336 321 1384 linearum
347 1328 583 1400 aequidistantium,
610 1344 636 1386 et
661 1348 764 1400 corpora
786 1343 815 1385 ιι
838 1341 979 1400 aggregata
1003 1335 1112 1381 omnium
1132 1334 1263 1397 planorum
1281 1335 1376 1397 pariter

63 1404 300 1470 aequidistantiumt·
331 1405 402 1456 llaec
421 1416 506 1457 autem
524 1423 597 1457 nemo
615 1423 665 1457 non
682 1407 751 1456 sidet
768 1420 843 1472 qnam
861 1407 912 1454 siut
928 1406 994 1453 inter
1012 1418 1038 1451 se
1058 1403 1164 1452 diversa.

154 1474 177 1523 A
196 1467 315 1540 Kepie'vo,
333 1481 416 1543 pergit
434 1479 588 1537 esuriemus,
607 1477 669 1528 nihii
687 1478 748 1528 mibi
772 1484 913 1526 mutuatum
932 1483 979 1532 est,
997 1483 1172 1538 praeterquam
1186 1488 1272 1538 pauca
1289 1474 1376 1539 aliqua

63 1545 198 1596 solidorum
216 1550 325 1605 nomina,
344 1549 476 1613 dequibus
494 1552 520 1599 in
533 1549 581 1599 hac
599 1552 737 1615 geometria
751 1549 893 1597 nomentio.
921 1546 982 1598 Sola
994 1547 1059 1594 enim
1073 1545 1213 1602 admiratio,
1231 1558 1282 1610 ιιι
1294 1546 1376 1594 soient

63 1619 174 1681 incipere
188 1618 327 1684 philosophi
345 1619 522 1684 philosophari,
541 1629 567 1670 et
578 1636 627 1670 uon
639 1620 795 1683 Kepleriana
806 1619 919 1670 doctrina
935 1617 1091 1667 occasionem
1109 1615 1219 1665 methodi
1238 1616 1374 1666 indivisibi-

64 1689 128 1737 lium
146 1689 309 1739 inveniendae
329 1705 360 1741 ea
372 1691 477 1749 ratione,
496 1705 546 1757 qua
563 1693 590 1741 lu
609 1691 720 1754 ejusdem
738 1692 892 1754 praefatione
913 1691 1032 1753 aperitur,
1048 1687 1110 1739 mihi
1129 1686 1352 1751 suppeditavit...
1367 1706 1373 1737 ι

62 1758 117 1808 Sed
135 1767 196 1816 esto,
214 1760 279 1824 qnod
298 1762 399 1811 Guldini
418 1765 529 1812 rationes
555 1763 693 1812 efficaciter
717 1763 872 1818 convincant,
896 1775 936 1809 ure
962 1774 993 1808 ex
1010 1758 1121 1822 Keplero
1139 1754 1181 1817 (ao
1200 1755 1303 1820 Severo)
1321 1772 1374 1807 me·

63 1829 169 1880 thodam
188 1829 374 1882 indivisibilium
392 1835 525 1891 inuenisse,
543 1841 644 1897 propter
666 1832 776 1896 aliquam
800 1832 1007 1886 convenientiam,
1025 1843 1100 1893 quam
1118 1842 1177 1878 mea
1194 1829 1293 1880 infinita
1309 1829 1373 1878 indi·

62 1900 173 1950 visibilia
191 1917 246 1951 cum
264 1904 435 1954 minutissimis
459 1911 486 1954 ιι
502 1905 605 1954 ιιιιιιιι
631 1902 771 1966 corporibus
789 1903 948 1966 Kepieriauis
967 1900 1060 1949 habere
1078 1900 1200 1950 videntur.
1235 1898 1295 1949 Pari
1313 1914 1374 1963 ergo

62 1973 161 2021 ratione
179 1972 319 2038 ubicunque
339 1977 404 2024 inter
422 1974 524 2024 duorum
543 1981 657 2024 autorum
669 1975 791 2038 principia
802 1979 925 2037 appareat
936 1973 1022 2037 aliqua
1038 1971 1182 2028 similitudo,
1200 1978 1260 2020 tuuc
1272 1971 1373 2019 eviden-

63 2050 106 2091 ter
128 2043 274 2093 concludere
299 2049 442 2108 poterimus,
468 2059 540 2102 eum,
565 2048 607 2110 qui
631 2046 754 2110 posteritas
779 2047 891 2107 scripsit,
915 2059 947 2094 ex
969 2043 1044 2107 priori
1069 2040 1218 2092 desumsisse
1242 2043 1372 2105 principia

62 2112 173 2172 Qualem
191 2129 251 2179 ergo
270 2117 434 2179 suspicionem
452 2116 548 2165 subiret
566 2118 619 2180 ipse
635 2115 765 2173 Guidinus,
793 2119 863 2178 cuius
880 2115 1003 2180 principia
1020 2127 1065 2162 seu
1084 2114 1174 2177 regula
1192 2112 1328 2177 generalis,
1346 2113 1373 2160 in

63 2197 116 2248 qua
133 2189 187 2232 tota
210 2186 277 2235 iilius
298 2185 484 2249 Centroharysa
505 2185 808 2251 iuudatur(11,8ptop.
827 2184 858 2235 3:
884 2187 1026 2250 ,quantitas
1050 2183 1156 2233 rotanda
1173 2185 1199 2232 in
1217 2184 1283 2232 viam
1305 2189 1372 2232 rota·

62 2257 140 2304 ιιιιιι
172 2255 249 2305 ducta
276 2257 390 2320 producit
416 2265 566 2320 potestatem
591 2257 722 2307 rotundam
747 2271 796 2306 uuo
825 2257 905 2322 gradu
929 2258 1043 2305 nidorem
1069 2263 1193 2319 potestate
1217 2255 1269 2303 sivo
1294 2267 1373 2317 quau·

62 2327 138 2374 tituto
157 2326 275 2389 rotata“),
294 2328 356 2377 adeo
373 2330 501 2393 principiis
519 2327 624 2392 Kopleri
643 2331 669 2378 ia
687 2327 753 2379 Stet.
771 2329 827 2378 Dei.
847 2326 965 2377 adhibitis
984 2327 1163 2382 assimilantur,
1181 2332 1218 2383 ut,
1236 2324 1302 2388 quod
1320 2326 1373 2387 ipsa

61 2397 207 2459 specialiter
225 2398 258 2446 ihi
276 2399 391 2457 tradidit,
416 2398 514 2449 tantum
537 2401 712 2457 uniuersaliter
737 2409 874 2463 appareat,
892 2396 1201 2452 extendisseGuidinums
1227 2394 1293 2459 quod
1310 2395 1373 2444 haec

60 2467 120 2516 loca
137 2468 248 2530 eiusdem
266 2469 370 2533 Kepleri
396 2471 563 2521 consideranti
585 2471 744 2521 manifestum
762 2471 807 2519 ιιι
825 2468 914 2530 (theos.
933 2466 1045 2529 livini.
1081 2467 1175 2517 videet
1192 2467 1279 2529 lector,
1297 2479 1373 2530 quam

61 2537 127 2586 haec
152 2540 202 2588 sint
219 2541 311 2590 similia
338 2549 365 2590 ιι
381 2554 456 2606 quam
480 2542 554 2591 iaciie
569 2545 643 2604 juxta
666 2554 778 2591 ιιιιιιιι
796 2541 829 2590 ab
847 2556 877 2593 eo
895 2540 1013 2589 traditam
1031 2538 1162 2600 dijudicari
1180 2544 1273 2602 posset,
1291 2539 1373 2600 ipsum

63 2623 97 2658 ex
116 2609 225 2672 Keplero
252 2612 329 2660 talem
354 2613 468 2676 regulam
492 2612 539 2662 sihi
563 2614 736 2663 construxisse.
778 2611 834 2661 Hoc
857 2625 914 2662 sero
940 2611 1047 2674 amplius
1073 2610 1261 2658 confirmaretur
1285 2621 1373 2664 exeo,

61 2680 129 2744 quod
147 2682 238 2730 nedum
256 2683 346 2746 regula
363 2682 407 2733 sed
425 2691 452 2732 ιι
469 2686 541 2740 ratio,
559 2697 634 2749 quam
652 2684 726 2734 affert
744 2684 856 2747 eiusdem
874 2683 987 2747 regulae,
1015 2680 1195 2750 qualiscunque
1215 2679 1256 2737 sit,
1275 2678 1372 2728 similli-

62 2765 107 2799 ma
125 2758 164 2800 est
181 2752 360 2816 Kepierinnaa.
1350 2747 1355 2760 ⁸

151 2823 204 2889 Ego
228 2831 313 2872 ιιιιιι
340 2825 446 2875 Guidiuo
470 2825 534 2875 talia
556 2840 666 2889 unquam
690 2840 739 2886 non
762 2824 916 2888 obiecissem,
934 2836 1014 2887 nequa
1033 2822 1101 2872 euim
1118 2821 1253 2870 inventoris
1271 2818 1373 2868 landem

61 2893 164 2942 omnino
182 2894 269 2944 tollere
288 2896 426 2959 putandum
444 2904 491 2954 est,
513 2897 577 2961 quod
596 2899 673 2959 ipsius
691 2898 785 2946 inventi
803 2896 865 2945 rude
884 2894 984 2959 aliquod
997 2893 1126 2957 exemplar
1143 2892 1234 2941 artilex
1251 2904 1371 2955 praecog-

61 2967 166 3013 noverit
208 2964 350 3026 Quinimmo
378 2981 410 3016 ιι
433 2968 531 3017 videtur
558 2982 612 3016 esse
639 2968 751 3017 infirmae
775 2967 903 3017 homiuum
926 2966 1016 3016 mentis
1041 2963 1157 3019 conditio,
1176 2969 1205 3010 ut
1222 2964 1270 3010 uisi
1289 2962 1372 3025 aliquo

62 3036 217 3085 extrinsecus
235 3046 413 3099 praemonente
432 3040 578 3094 excitentur,
598 3051 674 3101 aegre
692 3037 827 3102 quidquam
846 3038 942 3102 egregii
961 3036 1071 3086 invenire
1090 3035 1192 3098 possint

151 3105 304 3167 ...Quod
322 3122 370 3173 ego
388 3111 463 3158 innuo
481 3111 507 3158 iu
525 3111 680 3173 praelatione
699 3122 771 3158 meaa
782 3110 952 3165 simmetrius,
970 3121 1019 3156 non
1037 3112 1076 3154 ιιι
1094 3118 1134 3153 me
1153 3117 1241 3152 ιιιιιι
1257 3109 1284 3152 ιι
1301 3115 1372 3152 ιιιι·

61 3177 157 3225 sionem
176 3180 308 3242 arripuisse
328 3193 358 3229 ex
377 3180 487 3243 Keplero
506 3194 588 3229 meam
606 3179 750 3230 methodum
767 3180 918 3236 inveniendi,
939 3177 985 3226 sed
1002 3182 1100 3226 tantum
1112 3176 1143 3224 de
1154 3188 1186 3224 ea
1200 3177 1253 3236 jam
1272 3175 1374 3223 iuventa

61 3248 201 3310 periculum
225 3250 334 3299 iaciendi
357 3253 383 3300 in
408 3253 438 3300 iis
462 3251 563 3309 solidis,
587 3265 651 3316 quae
675 3250 819 3314 aKeplero
842 3253 869 3300 iu
887 3263 934 3299 sua
951 3248 1129 3299 stereometria
1147 3246 1247 3296 inerant
1263 3244 1372 3308 promul-

62 3326 152 3382 gata.
167 3355 173 3368 .
188 3354 216 3369 ..
252 3321 288 3368 At
305 3323 325 3370 si
344 3321 451 3386 denique
470 3322 632 3372 concederem
645 3322 761 3378 Guldino,
780 3320 846 3385 quod
863 3323 938 3370 toties
949 3319 1068 3376 inculcat,
1087 3331 1176 3381 nempe
1195 3315 1258 3365 mihi
1277 3313 1372 3378 aliquid

61 3389 164 3439 luminis
182 3404 213 3439 ιι
231 3390 347 3454 operibus
365 3393 470 3456 Kepieri
490 3389 527 3451 (et
545 3390 641 3452 Severi)
654 3393 839 3457 suppeditatum
852 3393 928 3441 fuisse
947 3387 1025 3455 (quod
1036 3397 1121 3437 tamen
1134 3389 1232 3436 omniuo
1245 3384 1372 3450 negaturi:

61 3470 133 3509 estne
151 3460 215 3510 haee
234 3463 325 3524 (plana
342 3464 467 3526 patalieia
484 3459 656 3523 indivisibilia)
674 3477 772 3513 summa
789 3466 865 3512 totius
883 3462 982 3515 ιιιιιιιιι
995 3461 1097 3524 hujusce
1116 3457 1244 3508 methodi?
1271 3456 1372 3524 Nequa-

61 3545 144 3594 quam.
163 3529 201 3581 Ea
219 3535 285 3581 enim
304 3535 395 3583 sterilis
408 3541 434 3584 ιι
446 3534 596 3586 iuloecuuda
614 3534 793 3598 quodammodo
812 3535 980 3590 remansisset,
999 3533 1046 3580 nisi
1060 3532 1147 3579 miram
1161 3529 1242 3580 eidem
1256 3528 1372 3577 ιιιιιιιιι-

61 3610 114 3653 tem
133 3603 276 3661 attulissent
293 3604 456 3655 admirandae
475 3605 599 3671 quaedam
617 3607 796 3668 prepositiones
814 3605 926 3668 eiusdem
943 3603 1097 3674 peculiarem
1114 3615 1186 3651 usum
1205 3598 1372 3648 declarantes.
1414 3666 1416 3679 Ι

148 3689 178 3739 Iu
196 3694 350 3754 praelatione
370 3693 402 3745 ad
413 3695 499 3749 Geom.
518 3692 709 3743 indivisibilium
728 3692 874 3742 Cavaierius
893 3693 955 3742 irasc
973 3690 1004 3739 de
1022 3688 1127 3752 Kepieri
1146 3687 1266 3738 Stereom.
1286 3684 1372 3733 affert:

61 3761 232 3825 „Propositum
259 3764 320 3815 mihi
345 3772 397 3819 est,
422 3766 449 3814 in
473 3764 511 3813 bis
537 3758 554 3814 7
579 3763 648 3813 libris
674 3764 805 3827 planarum
828 3772 855 3812 et
872 3764 1007 3813 solidarum
1033 3761 1169 3824 figurarum
1193 3757 1373 3806 dimensionem

59 3831 204 3881 adinvenire
212 3860 228 3890 ,·
238 3849 342 3898 quarum
367 3835 468 3899 aliquae
487 3838 564 3884 etiam
582 3834 614 3883 ab
633 3836 704 3893 aliis,
728 3848 758 3884 ac
780 3836 914 3898 praecipue
933 3834 965 3883 ab
982 3830 1085 3881 Euclide
1104 3837 1130 3878 et
1147 3826 1296 3878 Archimede
1316 3843 1372 3891 per·

58 3908 183 3952 tractatae
206 3906 323 3962 inerunt,
347 3904 460 3969 reliquae
484 3921 541 3955 uero
565 3907 672 3962 nemini,
691 3904 756 3970 quod
778 3907 870 3962 sciam,
896 3905 1022 3968 hucusque
1041 3908 1197 3956 attentatae,
1221 3914 1269 3947 uno
1287 3906 1372 3948 tumen

58 3984 163 4036 excepto
175 3974 294 4038 Kepiero,
312 3979 354 4041 qui
366 3979 497 4026 occasione
516 3977 575 4027 dolii
587 3978 712 4027 Austriaci
731 3991 776 4039 per
788 3979 883 4041 virgam
901 3977 1050 4024 mensoriam
1069 3970 1224 4028 dimetiendi,
1241 3975 1372 4034 postquam

57 4046 84 4092 iu
109 4059 157 4094 sna
175 4045 352 4096 stereometria
370 4047 537 4097 Archimeden
562 4050 695 4096 summarie
720 4048 797 4110 ipsius
823 4047 979 4097 Archimedis
1004 4044 1139 4093 adinventa
1164 4042 1211 4091 sibi
1235 4050 1374 4115 ppportuna

58 4118 197 4173 recensuit,
216 4119 284 4166 novis
303 4119 454 4182 aliquando,
477 4119 663 4184 qualescunque
688 4120 752 4175 sint,
777 4118 881 4181 adiectis
905 4114 1057 4171 rationibus,
1081 4112 1182 4163 taudem
1201 4120 1372 4174 campartem

57 4186 238 4248 superaddidit,
248 4189 522 4253 qnamStereometriae
537 4188 717 4239 Archimedeae
730 4189 929 4253 supplementum
942 4185 1101 4249 nuncupavit,
1111 4186 1136 4234 in
1147 4197 1197 4248 qua
1208 4182 1372 4246 multiplicem

56 4259 196 4306 sectionum
215 4261 364 4318 conicarum,
383 4263 468 4311 circuli
482 4275 579 4324 nempe,
598 4260 742 4324 parabolae,
761 4258 912 4323 hyperbolae
932 4254 958 4308 ιί
975 4258 1082 4319 ellipsis,
1104 4270 1151 4304 nec
1169 4270 1218 4315 ιιι
1236 4254 1372 4303 earundem

57 4330 197 4390 portionum
223 4332 290 4380 circa
313 4331 423 4380 diuersos
448 4345 506 4381 axes
531 4332 710 4381 resolutionem
734 4333 929 4395 contemplatus,
953 4328 1032 4378 solida
1056 4341 1158 4375 numero
1176 4323 1219 4385 87,
1238 4326 1372 4389 praetera

57 4398 235 4459 Archimedea,
254 4404 388 4465 geometris
406 4418 525 4468 perquam
544 4403 655 4467 eleganti
674 4403 805 4466 praeconio
817 4402 990 4466 promulgavit
1019 4398 1082 4447 Cum
1095 4413 1154 4462 ergo
1164 4399 1218 4459 iam
1236 4398 1372 4460 expositam

56 4470 240 4521 metiendamm
259 4474 395 4539 figurarum
414 4489 512 4530 novam,
531 4488 561 4522 ac
573 4476 594 4522 si
613 4473 696 4522 dicere
716 4474 753 4522 ιιι
770 4475 810 4530 ιιι,
830 4473 902 4523 valde
922 4469 1120 4534 compendiosam
1139 4467 1282 4517 methodum
1301 4467 1360 4515 adin

52 4539 193 4599 'venissem
212 4543 320 4593 feliciter
340 4559 438 4594 mecum
457 4553 541 4595 actum
554 4559 608 4593 esse
622 4545 769 4600 existimavi,
788 4551 816 4592 ut
833 4545 898 4594 haec
915 4542 1003 4598 solida,
1021 4548 1121 4604 praeter
1138 4539 1185 4588 iiia
1196 4538 1372 4596 Archimedes,

58 4610 120 4660 mihi
140 4616 369 4677 suppeditarentur,
387 4617 454 4665 circa
465 4631 529 4681 quae
549 4617 617 4665 illins
635 4617 685 4664 vim
698 4623 724 4664 et
735 4617 864 4679 energiam
876 4615 983 4678 experiri
1001 4612 1089 4662 liceret
1100 4648 1105 4661 .
1116 4637 1140 4660 ,ι
1161 4608 1257 4690 Viginti
1275 4611 1373 4660 circiter

23 4718 26 4731 .
57 4681 164 4747 Kepieri
189 4686 269 4734 solida
292 4702 323 4736 ex
348 4690 500 4736 enumeratis
526 4687 557 4736 ab
581 4689 634 4749 ipso
659 4687 827 4749 excerpsimus
852 4683 1034 4740 examinanda,
1058 4696 1139 4747 aquo
1164 4688 1264 4745 praeter
1288 4681 1373 4744 aliqua

60 4756 161 4804 uomina
179 4756 241 4806 nihil
260 4757 331 4807 aliud
349 4770 365 4808 a
383 4757 452 4808 nobis
471 4757 612 4809 desumtum
630 4764 677 4813 est,
696 4764 724 4806 ut
742 4758 882 4820 inspicienti
901 4758 1060 4806 monimntum
1078 4755 1150 4804 erit.“
1173 4783 1203 4790 -

136 4845 218 4899 licpleri
230 4849 294 4901 Opera
308 4847 342 4890 il.
1128 4843 1161 4891 42
1195 4872 1199 4879 ·
