3142 5482
102 232 106 233 ⁷
211 225 275 290 532
706 220 732 270 ln
751 220 834 284 Opera
853 217 1034 286 Cbmnologlcs

210 403 248 458 ibi
267 408 298 457 tu
316 402 392 456 {reta
411 400 470 474 ejus
490 401 517 456 in
532 405 562 455 te'
581 400 773 454 benevolentia
791 401 908 454 fidenter
926 399 1000 471 loqui
1019 397 1145 467 incipies,
1167 397 1195 452 ei
1213 413 1260 452 me
1275 392 1438 469 magistram
1453 405 1506 453 tm
1560 450 1565 459 ,

151 512 157 541 -,
211 483 422 548 commendabis,
448 480 510 552 quid
532 499 569 535 ex
589 497 632 535 me
652 480 776 533 hauseris
806 479 1040 544 commemorabis,
1061 474 1124 549 quid
1145 486 1302 547 praeterea
1328 480 1431 547 sperari
1447 481 1507 547 mit

210 580 247 617 ex
267 563 406 634 praesenti
426 561 502 614 foetu
523 577 597 625 meo,
618 560 656 614 sio
677 560 828 629 explicabis
848 559 902 615 lilio
922 560 1070 628 Principis,
1091 564 1124 611 ut
1143 557 1170 611 id
1192 558 1331 611 resciscat
1351 558 1430 627 pater
1445 561 1508 627 lnpe
1562 612 1569 623 ,

210 650 301 706 ratam
329 642 446 712 itemque
466 640 521 695 tuis
540 640 707 710 potissimum
733 639 836 693 meritis
857 646 887 692 et
907 655 992 708 opera
1017 654 1106 692 meam
1131 638 1230 691 matris
1258 638 1461 691 sollicitudinem
1475 654 1508 706 pro
1558 636 1560 641 ’

210 723 286 777 foetu
306 722 357 776 boe
367 723 533 776 Tabularum
552 721 678 774 sublevet
698 720 838 790 ipsumque
858 719 886 772 in
896 719 1053 782 clientelam
1066 717 1207 786 suscipere
1224 717 1395 771 etinlucem
1414 734 1509 770 merere
1561 760 1563 765 ,

211 802 330 870 incipiat.
371 802 473 857 Audiet
492 818 529 855 ex
549 808 578 854 te
593 800 722 869 Princeps
743 799 898 870 referetque
918 799 1000 869 patri,
1021 799 1092 870 quod
1113 795 1142 853 ιι
1161 797 1262 852 funere
1283 797 1422 869 Τγιιιοιίι
1434 798 1508 860 Btsbe,
1547 826 1569 858 =‚

210 882 318 950 patroni
339 883 473 952 quondam
493 879 554 946 mei,
575 879 639 933 mibi
659 879 764 949 tibique
784 879 837 933 fuit
857 881 1052 935 acclamatum:

513 977 656 1050 Tempora
667 977 802 1030 nobilibus
822 979 942 1030 condunt
960 973 1107 1045 pereuntia
1126 973 1214 1045 signis

457 1048 465 1066 ’
514 1061 517 1067 ’
577 1061 706 1111 Aetatem
725 1057 833 1120 mundi,
845 1064 959 1126 pectora
978 1057 1062 1110 bruta
1081 1057 1189 1109 docent.
1336 1099 1340 1129 ,

515 1135 626 1198 Quanta
646 1135 681 1190 sit
697 1128 852 1207 'expediunt
872 1137 1008 1190 coelorum
1029 1134 1138 1189 condita
1158 1134 1255 1197 moles,

580 1216 720 1286 Quamque
740 1215 777 1269 sit
796 1216 938 1278 aetheriae
960 1216 1099 1270 commoda
1118 1213 1206 1266 torma
1228 1214 1345 1267 domus:

512 1295 555 1350 Ne
574 1297 652 1350 relut
672 1296 768 1365 ignota
787 1297 875 1367 degat
894 1296 1058 1366 peregrinus
1077 1294 1105 1348 in
1126 1293 1195 1346 urbe

568 1374 696 1445 llospitii
715 1377 865 1440 Adamites,
885 1375 992 1430 nescius
1013 1375 1071 1445 ipse
1090 1371 1147 1426 ιιι

299 1480 384 1536 Vides
405 1479 579 1546 charissima,
606 1490 710 1553 quanta
729 1500 772 1537 me
792 1471 845 1553 spe¹
867 1481 1020 1553 impleverit
1045 1481 1186 1547 baeatus
1209 1477 1329 1539 fortuna
1355 1483 1509 1548 quantumque
1567 1475 1568 1480 ’

132 1557 134 1567 '
212 1570 241 1617 et
260 1570 289 1616 te
310 1579 405 1625 amem,
426 1568 458 1615 ut
472 1561 621 1631 genuinam
641 1579 728 1616 meam
750 1564 878 1624 sobolem,
899 1570 928 1616 et
953 1562 1002 1624 tibi
1026 1561 1152 1631 gratuler
1173 1559 1208 1611 ob
1239 1559 1334 1611 locum
1364 1558 1510 1611 honoratiori
1564 1610 1566 1617 ,

210 1657 292 1706 mum,
313 1657 392 1712 quem
413 1643 486 1710 apud
507 1641 687 1711 Theologiam
715 1643 849 1697 dominam
870 1661 899 1695 es
919 1642 1080 1703 obtentura;
1101 1634 1176 1691 rides
1197 1637 1300 1700 etiam,
1324 1637 1421 1708 quanti
1439 1647 1556 1690 etta

211 1729 241 1775 et
259 1739 323 1776 mea
343 1721 458 1784 intersit,
479 1727 508 1774 te
527 1731 623 1775 munus
645 1722 791 1776 ancillandi
811 1722 861 1775 tibi
882 1721 1004 1775 datum'
998 1737 1024 1775 ιι
1041 1721 1085 1774 illo
1106 1717 1264 1788 sapientiae
1285 1717 1436 1780 theatro,
1430 1734 1453 1770 ιι
1468 1733 1513 1769 cos·
1555 1671 1569 1780 ι’

211 1809 307 1873 spectu
328 1808 424 1863 tantae
451 1800 630 1855 multitudinis
656 1794 809 1865 doctorum,
836 1802 912 1856 obbo
932 1817 1014 1871 quam
1034 1798 1215 1858 dexterrime3
1244 1796 1326 1849 rides
1349 1805 1379 1850 et
1398 1795 1569 1867 W&

211 1882 299 1952 ipsam
318 1881 361 1936 tui
380 1880 498 1934 nruueris
519 1881 731 1949 amplitudinem.
773 1883 810 1936 Ut
829 1899 882 1936 non
903 1881 953 1935 sim
973 1882 1070 1951 longa,
1090 1876 1260 1932 ministrabis
1281 1885 1315 1929 tu
1337 1876 1479 1968 imperans,
1493 1885 1516 1927 ιι

211 1961 299 2033 igitur
318 1960 530 2016 omnimodarum
550 1961 768 2022 admonitionum
790 1977 859 2032 quas
875 1964 919 2016 rel
935 1978 973 2014 ex
988 1961 1089 2039 merel
1106 1975 1143 2011 ιι
1158 1949 1303 2018 sororibus
1326 1957 1397 2010 meis
1415 1955 1568 2016 haussi.

212 2043 327 2094 condam
353 2056 474 2109 promam
501 2055 584 2109 ages;
612 2040 695 2110 ipsius
722 2041 786 2094 erit
795 2059 832 2095 ex
854 2041 901 2104 iis,
928 2057 1000 2112 quae
1020 2048 1051 2094 ιι
1070 2036 1150 2108 vigili
1175 2032 1376 2105 suppeditabis
1401 2036 1517 2095 iudanis.

211 2120 332 2190 seligere
353 2120 414 2181 illa,
433 2119 532 2190 quibus
557 2121 694 2175 censuerit
714 2115 766 2175 sibi
787 2124 930 2182 utendum;
953 2128 1002 2174 tua
1022 2120 1075 2173 erit
1094 2116 1261 2187 propositio,
1289 2116 1381 2184 ipsius
1400 2113 1518 2169 conclusio

300 2200 377 2254 Haeo
398 2198 420 2251 si
441 2207 472 2252 tu
498 2201 684 2268 reputaveris,
715 2217 770 2271 qua
795 2218 825 2254 es
851 2200 986 2254 facilitate
1016 2200 1112 2254 lubens
1141 2212 1223 2267 spero
1253 2194 1392 2264 patieris,
1420 2188 1520 2266 quanvis

213 2281 314 2333 dudum
335 2279 522 2348 emancipata,
542 2285 574 2332 ut
593 2279 752 2352 indulgeam
773 2280 884 2335 affecttn
904 2288 1040 2342 materno,
1061 2296 1096 2332 ne
1117 2284 1229 2329 stertas
1251 2291 1365 2336 aurea,
1377 2275 1400 2327 si
1419 2274 1463 2328 usi
1479 2289 1521 2347 ego

206 2357 322 2431 jamjam
342 2358 521 2451 proficiscenti
538 2360 627 2430 adque
643 2359 776 2415 dominam
796 2360 949 2414 transeunti
967 2358 1176 2413 admonitionem
1190 2361 1311 2446 praeter
1328 2363 1436 2408 ceteras
1451 2355 1521 2407 ιιιιι

211 2455 293 2493 unam
314 2456 351 2492 ex
372 2438 436 2509 ipsis
456 2439 523 2492 meis
544 2439 655 2493 Tabulis
675 2440 811 2510 Rudolphi
839 2435 1065 2510 suppeditas-ero,
1091 2452 1172 2507 quam
1193 2434 1221 2487 in
1244 2442 1408 2488 ceterarum
1430 2450 1522 2488 numero

211 2518 353 2581 Dominae,
375 2536 435 2572 cum
456 2518 509 2572 erit
529 2527 718 2588 opportunum,
739 2522 955 2590 cognoscendam
976 2527 1006 2573 et
1025 2518 1187 2581 censendam
1207 2516 1386 2584 suppedites
1416 2516 1523 2570 Conferet

212 2598 239 2654 ιι
260 2615 296 2652 ea
315 2600 480 2667 percolenda
499 2603 529 2651 et
549 2598 743 2653 Grammaticis
759 2617 872 2669 operas,
896 2617 947 2677 nec
968 2600 1018 2653 abs
1038 2616 1069 2653 re
1089 2595 1155 2655 erit,
1176 2599 1227 2664 pro
1250 2612 1286 2649 ea
1308 2598 1486 2649 confirmanda
1502 2604 1524 2645 et

213 2680 291 2770 leges
311 2677 452 2749 allegari,
451 2695 533 2749 qaas
554 2678 582 2732 in
602 2678 648 2733 illo
668 2679 838 2750 Theologiae
863 2667 950 2748 regno
977 2679 1059 2732 tritas
1079 2686 1108 2739 et
1127 2674 1249 2728 usitatas
1270 2683 1301 2729 et
1324 2673 1524 2744 praeconcepisti

213 2756 310 2821 auimo,
330 2765 462 2827 quantum
476 2758 645 2812 exoratione
661 2766 710 2812 tua
724 2765 810 2828 patet,
832 2766 862 2812 et
871 2758 988 2828 jamjam
1003 2755 1126 2828 plenius
1119 2772 1146 2808 ιι
1162 2755 1301 2808 amulam
1318 2763 1370 2808 tuo
1386 2770 1524 2826 cognosces

300 2839 432 2908 Adeoque
452 2838 488 2891 ab
509 2837 579 2890 bis'
571 2836 637 2907 ipsis
658 2838 794 2908 legibus
787 2839 913 2908 incipiam
933 2847 1075 2909 totamque
1096 2851 1153 2892 rem
1174 2834 1200 2888 ιι
1217 2850 1271 2888 ιιι
1290 2836 1419 2890 membra
1437 2836 1524 2902 sapen

213 2916 292 2973 tuam
312 2916 362 2971 tibi
383 2917 576 2971 adnumerabo.

176 3004 179 3011 '
304 2999 328 3069 l.
358 2998 492 3067 Tempora
511 3012 548 3050 ex
569 2999 644 3069 coelo
670 2997 839 3051 deducere
831 2996 917 3069 risque
943 2997 1077 3068 principia
1101 2999 1228 3051 statuere
1249 2995 1295 3047 rel
1319 2991 1404 3046 sitnm
1423 2992 1510 3047 Solis
1504 3008 1525 3043 ιι

213 3066 320 3150 punctis
341 3077 524 3132 cardinalibus
544 3076 647 3130 zodiaci
657 3079 701 3131 vel
712 3077 914 3146 coniunctiones
930 3075 1119 3131 luminarium:
1140 3080 1252 3126 mosest
1265 3074 1390 3126 omnium
1409 3072 1525 3143 guntin

303 3156 329 3210 2
358 3158 402 3210 De
428 3157 512 3226 cyclis
537 3172 669 3211 annorum
688 3158 838 3212 Lunarium
859 3175 903 3211 res
924 3165 968 3211 est
993 3164 1076 3210 certa
1117 3157 1232 3226 Semper
1258 3135 1432 3207 novilunium
1451 3158 1489 3204 eei
1504 3150 1525 3202 i!

213 3235 304 3306 capite
328 3235 446 3306 periodi,
466 3240 513 3289 et
520 3235 547 3290 id
568 3238 675 3308 quidem
699 3237 889 3323 vicinissimum
915 3237 999 3309 capiti
1025 3236 1088 3290 anni
1108 3233 1225 3295 solaris.
1252 3231 1282 3285 in
1305 3232 1432 3304 qualibet
1454 3239 1525 3301 geute

214 3315 319 3369 usitati.

296 3395 330 3461 3.
359 3396 403 3448 De
424 3411 494 3449 anno
515 3393 605 3450 Solari
625 3402 734 3450 constat
758 3396 891 3467 exemplis
916 3371 1107 3470 plerarumque
1125 3360 1288 3454 nationum,
1312 3392 1416 3462 quod'
1408 3406 1435 3443 ιι
1453 3402 1525 3458 pras

214 3489 346 3533 annorum
372 3474 447 3528 initio
474 3475 559 3530 luerit
584 3477 757 3530 observatum
782 3493 865 3531 unum
891 3485 1051 3546 punctorum
1076 3477 1271 3533 cardinalium,
1303 3473 1347 3524 de
1363 3470 1475 3530 ceteris,
1497 3469 1525 3520 dt

214 3554 312 3625 quibus
331 3570 385 3607 non
405 3554 537 3609 babemus
557 3556 609 3609 hoc
628 3557 775 3611 traditione
800 3565 979 3626 compertum,
1001 3556 1071 3610 idem
1090 3557 1164 3609 credi
1185 3572 1238 3626 par
1259 3558 1313 3605 est
1358 3553 1390 3605 ln
1408 3557 1525 3637 Aegra·

214 3641 337 3727 tempore
358 3635 440 3687 Masis
459 3637 533 3689 illum
554 3651 685 3690 annorum
705 3637 892 3689 deducebatur
912 3637 1031 3690 abortu
1051 3635 1132 3689 Canis
1152 3637 1227 3690 circa
1248 3631 1408 3694 solstitium.
1428 3628 1509 3684 ⁵⁰¹⁶
1503 3644 1525 3678 ¹¹

214 3713 346 3784 principio
366 3713 463 3768 Cancri
484 3723 619 3769 versante.
649 3717 747 3770 Moses
759 3733 796 3769 ex
816 3718 944 3769 mandato
964 3716 1026 3770 Dei
1037 3732 1155 3769 mensem
1175 3718 1264 3788 elegis
1283 3728 1411 3774 vernum,
1430 3709 1523 3780 quanda

215 3795 262 3848 Sol
283 3801 326 3846 est
346 3792 372 3847 in
392 3786 496 3849 Ariete.
526 3796 608 3850 Aliud
631 3795 735 3849 initium
756 3795 818 3850 anni
843 3795 1065 3857 „contractuum
1089 3797 1274 3859 statuebatur,
1296 3792 1394 3848 Sole'
1386 3809 1413 3844 m
1427 3791 1524 3843 librat

214 3880 390 3935 transeunte;
412 3876 482 3944 quod
505 3892 565 3929 cum
586 3884 659 3929 esset
679 3875 814 3930 familiare
833 3875 970 3946 plerisque
990 3874 1144 3928 nationibus
1164 3876 1258 3940 Asiae,
1278 3879 1387 3932 factum
1406 3871 1466 3926 llibt
1483 3873 1523 3925 Ἀ

216 3961 247 4006 ιι
267 3954 350 4006 etiam
370 3952 540 4017 Seleucidae,
549 3956 738 4008 ¹Macedonum
757 3956 912 4025 progenies,
933 3955 1069 4008 mensibus
1089 3956 1144 4008 suis
1164 3959 1292 4012 Graecae
1314 3952 1523 4012 uomentium

215 4032 374 4102 principium
402 4033 428 4086 in
448 4035 534 4088 Libra
559 4041 720 4088 statuerent
761 4036 876 4091 Athenis
903 4036 1008 4090 initium
1034 4035 1098 4088 anni
1123 4043 1197 4099 erat,
1226 4039 1328 4093 Sole'
1320 4056 1350 4092 ιι
1375 4033 1524 4109 capricum

216 4119 352 4165 versante.
381 4111 471 4167 Julius
491 4115 594 4167 Caesar
614 4114 664 4167 id'
657 4130 743 4183 ipsum
763 4122 807 4168 est
826 4123 952 4183 secutos,
964 4121 1063 4213 caput
1068 4116 1131 4169 anni
1151 4116 1256 4172 iaciens
1276 4119 1446 4173 novilunium
1463 4120 1524 4172 circs

215 4200 341 4245 octavam
362 4192 554 4260 Capricorni.

306 4273 332 4327 4.
363 4272 466 4334 Quibus
481 4273 568 4344 igitur
587 4273 719 4344 gentibus
736 4273 840 4329 initium
857 4274 920 4328 anni
936 4274 989 4328 fuit
1008 4275 1182 4349 observatura
1198 4277 1295 4341 tales
1287 4296 1317 4331 m
1334 4296 1389 4350 qno
1403 4279 1448 4332 Sol
1463 4283 1524 4330 eset

217 4352 244 4406 ιιι
265 4348 326 4406 ιιιίι
346 4351 440 4421 signis,
462 4350 494 4406 iis
514 4369 624 4406 causam
645 4353 726 4422 hujus
746 4353 786 4407 rei
807 4354 890 4407 fuisse
911 4372 965 4408 non
989 4354 1129 4408 consilium
1153 4340 1201 4409 sed
1227 4363 1339 4423 οιιιιι,
1354 4376 1409 4412 seu
1427 4361 1523 4427 longas

218 4433 254 4486 ab
274 4431 381 4501 origine
402 4432 596 4495 deductionem,
618 4434 691 4485 credi
711 4451 812 4502 par
784 4443 834 4493 est
855 4434 977 4487 aliamve
993 4450 1104 4489 causam
1124 4436 1246 4491 similem
1364 4487 1367 4492 .

306 4513 333 4567 5
363 4513 440 4565 Haec
466 4512 645 4587 consideratio
673 4517 771 4567 suadet
796 4515 884 4578 credi,
911 4516 1030 4592 ditinum
1062 4532 1122 4569 esse
1149 4515 1176 4569 ia
1202 4517 1361 4572 hominibus
1387 4518 1523 4573 nanctus

219 4590 435 4644 observationem
439 4609 618 4661 congressus
638 4594 708 4646 Solis
729 4602 758 4647 et
776 4595 901 4647 Lunae
893 4612 920 4648 ιι
940 4581 1047 4663 punctis
1068 4595 1255 4650 cardinalibus
1275 4615 1328 4667 pro
1350 4600 1423 4653 initio
1442 4597 1505 4650 anni

307 4674 333 4723 6.
364 4671 510 4724 Confirmat
535 4673 606 4724 bano
632 4674 790 4742 opinionem
804 4682 833 4727 et
853 4675 967 4727 bistoria
992 4676 1152 4728 creationis·
1180 4677 1263 4730 Dixit
1286 4681 1376 4741 lleus,
1398 4676 1523 4732 luminaris

220 4750 273 4802 sint
295 4752 320 4805 in
340 4751 421 4821 signs
442 4759 470 4803 et
480 4759 604 4820 tempora
625 4751 750 4817 (irienses)
773 4763 800 4808 et
815 4754 882 4807 dies
893 4749 999 4818 (festos)
1019 4762 1048 4809 et
1068 4771 1160 4809 annos.
1192 4758 1296 4819 Quodsi
1313 4758 1367 4812 boo
1387 4759 1522 4812 babuerunt
