<?xml version="1.0" encoding="UTF-8"?>
<!DOCTYPE html PUBLIC "-//W3C//DTD XHTML 1.0 Transitional//EN"
    "http://www.w3.org/TR/xhtml1/DTD/xhtml1-transitional.dtd">
<html xmlns="http://www.w3.org/1999/xhtml" xml:lang="en" lang="en">
 <head>
  <title>
</title>
<meta http-equiv="Content-Type" content="text/html;charset=utf-8" />
  <meta name='ocr-system' content='tesseract 3.04.00' />
  <meta name='ocr-capabilities' content='ocr_page ocr_carea ocr_par ocr_line ocrx_word'/>
</head>
<body>
  <div class='ocr_page' id='page_1' title='image "./joanniskepleria13frisgoog_0379.png"; bbox 0 0 3112 5474; ppageno 0'>
   <div class='ocr_carea' id='block_1_1' title="bbox 259 239 1094 378">
    <p class='ocr_par' dir='ltr' id='par_1_1' title="bbox 259 239 1094 378">
     <span class='ocr_line' id='line_1_1' title="bbox 259 239 1094 378; baseline 0.004 -36"><span class='ocrx_word' id='word_1_1' title='bbox 259 273 323 342; x_wconf 82' lang='grc'><strong>366</strong></span> <span class='ocrx_word' id='word_1_2' title='bbox 718 239 721 243; x_wconf 79' lang='lat'>.</span> <span class='ocrx_word' id='word_1_3' title='bbox 760 293 1094 378; x_wconf 49' lang='lat' dir='ltr'><strong>armeniacorum,</strong></span> 
     </span>
    </p>
   </div>
   <div class='ocr_carea' id='block_1_2' title="bbox 215 431 1505 1856">
    <p class='ocr_par' dir='ltr' id='par_1_2' title="bbox 257 431 1505 878">
     <span class='ocr_line' id='line_1_2' title="bbox 258 431 1505 520; baseline -0.004 -19"><span class='ocrx_word' id='word_1_4' title='bbox 258 440 366 513; x_wconf 88' lang='lat' dir='ltr'><strong>alium,</strong></span> <span class='ocrx_word' id='word_1_5' title='bbox 390 456 478 520; x_wconf 88' lang='lat' dir='ltr'><strong>quam</strong></span> <span class='ocrx_word' id='word_1_6' title='bbox 501 431 628 517; x_wconf 90' lang='lat' dir='ltr'><strong>primum</strong></span> <span class='ocrx_word' id='word_1_7' title='bbox 652 456 762 498; x_wconf 91' lang='lat' dir='ltr'><strong>annum</strong></span> <span class='ocrx_word' id='word_1_8' title='bbox 787 437 863 519; x_wconf 90' lang='lat' dir='ltr'><strong>cycli</strong></span> <span class='ocrx_word' id='word_1_9' title='bbox 887 437 949 512; x_wconf 92' lang='lat' dir='ltr'><strong>sui,</strong></span> <span class='ocrx_word' id='word_1_10' title='bbox 973 455 1084 500; x_wconf 89' lang='lat' dir='ltr'><strong>annum</strong></span> <span class='ocrx_word' id='word_1_11' title='bbox 1106 455 1147 499; x_wconf 90' lang='lat' dir='ltr'><strong>sc.</strong></span> <span class='ocrx_word' id='word_1_12' title='bbox 1167 435 1409 511; x_wconf 79' lang='lat' dir='ltr'><strong>45.Ju1iannm;</strong></span> <span class='ocrx_word' id='word_1_13' title='bbox 1432 434 1505 497; x_wconf 67' lang='lat' dir='ltr'><strong>hoe?</strong></span> 
     </span>
     <span class='ocr_line' id='line_1_3' title="bbox 257 525 1505 608; baseline -0.004 -17"><span class='ocrx_word' id='word_1_14' title='bbox 257 527 407 591; x_wconf 86' lang='lat' dir='ltr'><strong>Joannem</strong></span> <span class='ocrx_word' id='word_1_15' title='bbox 423 526 559 608; x_wconf 76' lang='lat' dir='ltr'>sequenti</span> <span class='ocrx_word' id='word_1_16' title='bbox 581 525 735 589; x_wconf 92' lang='lat' dir='ltr'><strong>Christum</strong></span> <span class='ocrx_word' id='word_1_17' title='bbox 760 534 938 607; x_wconf 91' lang='lat' dir='ltr'><strong>conceptum</strong></span> <span class='ocrx_word' id='word_1_18' title='bbox 958 533 1114 601; x_wconf 90' lang='lat' dir='ltr'><strong>statuens,</strong></span> <span class='ocrx_word' id='word_1_19' title='bbox 1137 544 1249 588; x_wconf 91' lang='lat' dir='ltr'><strong>annum</strong></span> <span class='ocrx_word' id='word_1_20' title='bbox 1271 525 1440 587; x_wconf 88' lang='lat' dir='ltr'><strong>secundum</strong></span> <span class='ocrx_word' id='word_1_21' title='bbox 1460 543 1505 604; x_wconf 87' lang='lat' dir='ltr'><strong>cyo</strong></span> 
     </span>
     <span class='ocr_line' id='line_1_4' title="bbox 257 614 1505 696; baseline -0.004 -16"><span class='ocrx_word' id='word_1_22' title='bbox 257 617 429 680; x_wconf 77' lang='lat' dir='ltr'><strong>numeravit</strong></span> <span class='ocrx_word' id='word_1_23' title='bbox 443 615 570 696; x_wconf 90' lang='lat' dir='ltr'><strong>primum</strong></span> <span class='ocrx_word' id='word_1_24' title='bbox 586 614 820 690; x_wconf 87' lang='lat' dir='ltr'><strong>incarnationis;</strong></span> <span class='ocrx_word' id='word_1_25' title='bbox 844 616 924 678; x_wconf 91' lang='lat' dir='ltr'><strong>hunc</strong></span> <span class='ocrx_word' id='word_1_26' title='bbox 945 615 1119 678; x_wconf 81' lang='lat' dir='ltr'><strong>indictionis</strong></span> <span class='ocrx_word' id='word_1_27' title='bbox 1138 614 1278 696; x_wconf 90' lang='lat' dir='ltr'><strong>populari</strong></span> <span class='ocrx_word' id='word_1_28' title='bbox 1302 633 1429 677; x_wconf 91' lang='lat' dir='ltr'><strong>numero</strong></span> <span class='ocrx_word' id='word_1_29' title='bbox 1452 621 1505 675; x_wconf 89' lang='lat' dir='ltr'><strong>retr</strong></span> 
     </span>
     <span class='ocr_line' id='line_1_5' title="bbox 258 701 1499 785; baseline -0.003 -17"><span class='ocrx_word' id='word_1_30' title='bbox 258 714 347 768; x_wconf 86' lang='lat' dir='ltr'><strong>tenso</strong></span> <span class='ocrx_word' id='word_1_31' title='bbox 364 705 512 785; x_wconf 89' lang='lat' dir='ltr'><strong>signavit,</strong></span> <span class='ocrx_word' id='word_1_32' title='bbox 533 704 612 765; x_wconf 90' lang='lat' dir='ltr'><strong>huno</strong></span> <span class='ocrx_word' id='word_1_33' title='bbox 628 706 698 766; x_wconf 87' lang='lat' dir='ltr'><strong>ficto</strong></span> <span class='ocrx_word' id='word_1_34' title='bbox 715 721 863 767; x_wconf 85' lang='lat' dir='ltr'><strong>consensu</strong></span> <span class='ocrx_word' id='word_1_35' title='bbox 882 723 949 767; x_wconf 90' lang='lat' dir='ltr'><strong>cum</strong></span> <span class='ocrx_word' id='word_1_36' title='bbox 962 705 1051 767; x_wconf 87' lang='lat' dir='ltr'><strong>Luna</strong></span> <span class='ocrx_word' id='word_1_37' title='bbox 1067 703 1184 768; x_wconf 90' lang='lat' dir='ltr'><strong>cunctis</strong></span> <span class='ocrx_word' id='word_1_38' title='bbox 1198 704 1371 785; x_wconf 77' lang='lat' dir='ltr'><strong>persuasit,</strong></span> <span class='ocrx_word' id='word_1_39' title='bbox 1392 701 1499 765; x_wconf 90' lang='lat' dir='ltr'><strong>omisso</strong></span> 
     </span>
     <span class='ocr_line' id='line_1_6' title="bbox 258 792 1053 878; baseline -0.003 -20"><span class='ocrx_word' id='word_1_40' title='bbox 258 814 345 878; x_wconf 92' lang='lat' dir='ltr'><strong>quem</strong></span> <span class='ocrx_word' id='word_1_41' title='bbox 361 801 415 856; x_wconf 90' lang='lat' dir='ltr'><strong>aut</strong></span> <span class='ocrx_word' id='word_1_42' title='bbox 429 792 578 855; x_wconf 74' lang='lat' dir='ltr'><strong>Eusebius</strong></span> <span class='ocrx_word' id='word_1_43' title='bbox 594 800 647 855; x_wconf 91' lang='lat' dir='ltr'><strong>aut</strong></span> <span class='ocrx_word' id='word_1_44' title='bbox 663 793 847 875; x_wconf 83' lang='lat' dir='ltr'><strong>antiquiores</strong></span> <span class='ocrx_word' id='word_1_45' title='bbox 863 794 1053 856; x_wconf 83' lang='lat' dir='ltr'><strong>statuissent</strong></span> 
     </span>
    </p>

    <p class='ocr_par' dir='ltr' id='par_1_3' title="bbox 215 881 1505 1856">
     <span class='ocr_line' id='line_1_7' title="bbox 345 881 1505 964; baseline -0.004 -17"><span class='ocrx_word' id='word_1_46' title='bbox 345 885 564 963; x_wconf 87' lang='lat' dir='ltr'><strong>Argumentum</strong></span> <span class='ocrx_word' id='word_1_47' title='bbox 582 882 692 944; x_wconf 89' lang='lat' dir='ltr'><strong>erroris</strong></span> <span class='ocrx_word' id='word_1_48' title='bbox 707 882 755 944; x_wconf 93' lang='lat' dir='ltr'><strong>his</strong></span> <span class='ocrx_word' id='word_1_49' title='bbox 772 883 980 946; x_wconf 79' lang='lat' dir='ltr'><strong>occasionibus</strong></span> <span class='ocrx_word' id='word_1_50' title='bbox 994 882 1160 946; x_wconf 77' lang='lat' dir='ltr'><strong>introducti</strong></span> <span class='ocrx_word' id='word_1_51' title='bbox 1181 881 1334 962; x_wconf 79' lang='lat' dir='ltr'><strong>praebent</strong></span> <span class='ocrx_word' id='word_1_52' title='bbox 1353 881 1505 964; x_wconf 83' lang='lat' dir='ltr'><strong>scriptore</strong></span> 
     </span>
     <span class='ocr_line' id='line_1_8' title="bbox 257 970 1505 1052; baseline -0.003 -17"><span class='ocrx_word' id='word_1_53' title='bbox 257 992 323 1035; x_wconf 90' lang='lat' dir='ltr'><strong>rum</strong></span> <span class='ocrx_word' id='word_1_54' title='bbox 338 979 506 1052; x_wconf 91' lang='lat' dir='ltr'><strong>temporum</strong></span> <span class='ocrx_word' id='word_1_55' title='bbox 520 971 665 1034; x_wconf 87' lang='lat' dir='ltr'><strong>historici.</strong></span> <span class='ocrx_word' id='word_1_56' title='bbox 710 972 819 1034; x_wconf 91' lang='lat' dir='ltr'><strong>Victor</strong></span> <span class='ocrx_word' id='word_1_57' title='bbox 841 972 920 1034; x_wconf 85' lang='lat' dir='ltr'><strong>eninr</strong></span> <span class='ocrx_word' id='word_1_58' title='bbox 934 972 1145 1034; x_wconf 68' lang='lat' dir='ltr'><strong>‘l&#39;unnunensis</strong></span> <span class='ocrx_word' id='word_1_59' title='bbox 1165 970 1362 1034; x_wconf 79' lang='lat' dir='ltr'><strong>continuator</strong></span> <span class='ocrx_word' id='word_1_60' title='bbox 1376 971 1505 1050; x_wconf 85' lang='lat' dir='ltr'><strong>Prosper</strong></span> 
     </span>
     <span class='ocr_line' id='line_1_9' title="bbox 256 1056 1505 1143; baseline -0.002 -20"><span class='ocrx_word' id='word_1_61' title='bbox 256 1081 322 1124; x_wconf 89' lang='lat' dir='ltr'><strong>mus</strong></span> <span class='ocrx_word' id='word_1_62' title='bbox 339 1080 434 1123; x_wconf 88' lang='lat' dir='ltr'><strong>annos</strong></span> <span class='ocrx_word' id='word_1_63' title='bbox 451 1059 567 1124; x_wconf 89' lang='lat' dir='ltr'><strong>Christi</strong></span> <span class='ocrx_word' id='word_1_64' title='bbox 589 1080 649 1122; x_wconf 95' lang='lat' dir='ltr'><strong>non</strong></span> <span class='ocrx_word' id='word_1_65' title='bbox 671 1061 815 1141; x_wconf 87' lang='lat' dir='ltr'><strong>amplius,</strong></span> <span class='ocrx_word' id='word_1_66' title='bbox 835 1069 871 1123; x_wconf 91' lang='lat' dir='ltr'><strong>ut</strong></span> <span class='ocrx_word' id='word_1_67' title='bbox 885 1056 1032 1143; x_wconf 79' lang='lat' dir='ltr'><strong>Prosper,</strong></span> <span class='ocrx_word' id='word_1_68' title='bbox 1053 1061 1268 1141; x_wconf 87' lang='lat' dir='ltr'><strong>Hieronymus,</strong></span> <span class='ocrx_word' id='word_1_69' title='bbox 1291 1059 1448 1122; x_wconf 82' lang='lat' dir='ltr'><strong>Eusebius</strong></span> <span class='ocrx_word' id='word_1_70' title='bbox 1463 1060 1505 1121; x_wconf 83' lang='lat' dir='ltr'><strong>feo</strong></span> 
     </span>
     <span class='ocr_line' id='line_1_10' title="bbox 258 1149 1505 1232; baseline -0.006 -19"><span class='ocrx_word' id='word_1_71' title='bbox 258 1151 402 1232; x_wconf 85' lang='lat' dir='ltr'><strong>digessit,</strong></span> <span class='ocrx_word' id='word_1_72' title='bbox 425 1168 462 1227; x_wconf 85' lang='lat' dir='ltr'><strong>pe</strong></span> <span class='ocrx_word' id='word_1_73' title='bbox 486 1149 603 1212; x_wconf 89' lang='lat' dir='ltr'><strong>scilicet</strong></span> <span class='ocrx_word' id='word_1_74' title='bbox 624 1150 742 1211; x_wconf 91' lang='lat' dir='ltr'><strong>illorum</strong></span> <span class='ocrx_word' id='word_1_75' title='bbox 765 1150 982 1213; x_wconf 82' lang='lat' dir='ltr'><strong>numerationis</strong></span> <span class='ocrx_word' id='word_1_76' title='bbox 1003 1150 1053 1212; x_wconf 90' lang='lat' dir='ltr'><strong>filo</strong></span> <span class='ocrx_word' id='word_1_77' title='bbox 1076 1151 1206 1232; x_wconf 88' lang='lat' dir='ltr'><strong>pergens</strong></span> <span class='ocrx_word' id='word_1_78' title='bbox 1221 1166 1280 1210; x_wconf 90' lang='lat' dir='ltr'><strong>uno</strong></span> <span class='ocrx_word' id='word_1_79' title='bbox 1298 1168 1381 1212; x_wconf 91' lang='lat' dir='ltr'><strong>anno</strong></span> <span class='ocrx_word' id='word_1_80' title='bbox 1397 1150 1466 1230; x_wconf 91' lang='lat' dir='ltr'><strong>plus</strong></span> <span class='ocrx_word' id='word_1_81' title='bbox 1479 1167 1505 1228; x_wconf 70' lang='lat' dir='ltr'><strong>pr</strong></span> 
     </span>
     <span class='ocr_line' id='line_1_11' title="bbox 258 1238 1505 1321; baseline -0.001 -20"><span class='ocrx_word' id='word_1_82' title='bbox 258 1258 347 1321; x_wconf 88' lang='lat' dir='ltr'><strong>quam</strong></span> <span class='ocrx_word' id='word_1_83' title='bbox 362 1238 543 1319; x_wconf 85' lang='lat' dir='ltr'><strong>Dionysius:</strong></span> <span class='ocrx_word' id='word_1_84' title='bbox 560 1238 668 1302; x_wconf 89' lang='lat' dir='ltr'><strong>deinde</strong></span> <span class='ocrx_word' id='word_1_85' title='bbox 684 1257 758 1319; x_wconf 90' lang='lat' dir='ltr'><strong>opus</strong></span> <span class='ocrx_word' id='word_1_86' title='bbox 775 1259 860 1301; x_wconf 90' lang='lat' dir='ltr'><strong>suum</strong></span> <span class='ocrx_word' id='word_1_87' title='bbox 876 1239 919 1302; x_wconf 91' lang='lat' dir='ltr'><strong>sic</strong></span> <span class='ocrx_word' id='word_1_88' title='bbox 936 1239 1064 1313; x_wconf 92' lang='lat' dir='ltr'><strong>claudit,</strong></span> <span class='ocrx_word' id='word_1_89' title='bbox 1079 1246 1114 1300; x_wconf 87' lang='lat' dir='ltr'><strong>ut</strong></span> <span class='ocrx_word' id='word_1_90' title='bbox 1128 1238 1255 1320; x_wconf 92' lang='lat' dir='ltr'><strong>primum</strong></span> <span class='ocrx_word' id='word_1_91' title='bbox 1270 1256 1386 1299; x_wconf 90' lang='lat' dir='ltr'><strong>annum</strong></span> <span class='ocrx_word' id='word_1_92' title='bbox 1401 1238 1505 1301; x_wconf 73' lang='lat' dir='ltr'><strong>‚lustin</strong></span> 
     </span>
     <span class='ocr_line' id='line_1_12' title="bbox 254 1323 1503 1410; baseline -0.002 -19"><span class='ocrx_word' id='word_1_93' title='bbox 254 1328 419 1391; x_wconf 89' lang='lat' dir='ltr'><strong>indictione</strong></span> <span class='ocrx_word' id='word_1_94' title='bbox 436 1328 659 1408; x_wconf 90' lang='lat' dir='ltr'><strong>decimaquinta</strong></span> <span class='ocrx_word' id='word_1_95' title='bbox 674 1336 881 1410; x_wconf 89' lang='lat' dir='ltr'><strong>comparatum</strong></span> <span class='ocrx_word' id='word_1_96' title='bbox 903 1323 979 1410; x_wconf 86' lang='lat' dir='ltr'><strong>(qua</strong></span> <span class='ocrx_word' id='word_1_97' title='bbox 993 1328 1157 1391; x_wconf 87' lang='lat' dir='ltr'><strong>indictione</strong></span> <span class='ocrx_word' id='word_1_98' title='bbox 1172 1335 1324 1390; x_wconf 89' lang='lat' dir='ltr'><strong>mortuum</strong></span> <span class='ocrx_word' id='word_1_99' title='bbox 1340 1328 1389 1389; x_wconf 88' lang='lat' dir='ltr'><strong>ait</strong></span> <span class='ocrx_word' id='word_1_100' title='bbox 1403 1328 1503 1390; x_wconf 87' lang='lat' dir='ltr'><strong>Justin</strong></span> 
     </span>
     <span class='ocr_line' id='line_1_13' title="bbox 256 1411 1505 1498; baseline -0.001 -19"><span class='ocrx_word' id='word_1_101' title='bbox 256 1418 343 1479; x_wconf 88' lang='lat' dir='ltr'><strong>annis</strong></span> <span class='ocrx_word' id='word_1_102' title='bbox 362 1417 479 1498; x_wconf 84' lang='lat' dir='ltr'><strong>imperii</strong></span> <span class='ocrx_word' id='word_1_103' title='bbox 499 1416 542 1479; x_wconf 84' lang='lat'><strong>40</strong></span> <span class='ocrx_word' id='word_1_104' title='bbox 558 1411 692 1496; x_wconf 84' lang='lat' dir='ltr'><strong>exactis)</strong></span> <span class='ocrx_word' id='word_1_105' title='bbox 718 1418 860 1497; x_wconf 88' lang='lat' dir='ltr'><strong>conjiciat</strong></span> <span class='ocrx_word' id='word_1_106' title='bbox 883 1418 914 1480; x_wconf 92' lang='lat' dir='ltr'><strong>in</strong></span> <span class='ocrx_word' id='word_1_107' title='bbox 935 1437 1055 1487; x_wconf 81' lang='lat' dir='ltr'><strong>annum,</strong></span> <span class='ocrx_word' id='word_1_108' title='bbox 1068 1416 1183 1482; x_wconf 83' lang='lat' dir='ltr'><strong>Christi</strong></span> <span class='ocrx_word' id='word_1_109' title='bbox 1208 1411 1288 1491; x_wconf 79' lang='lat'><strong>567,</strong></span> <span class='ocrx_word' id='word_1_110' title='bbox 1314 1417 1505 1478; x_wconf 86' lang='lat' dir='ltr'><strong>nativitatem</strong></span> 
     </span>
     <span class='ocr_line' id='line_1_14' title="bbox 257 1504 1505 1588; baseline -0.005 -16"><span class='ocrx_word' id='word_1_111' title='bbox 257 1506 372 1581; x_wconf 83' lang='lat' dir='ltr'><strong>Christi</strong></span> <span class='ocrx_word' id='word_1_112' title='bbox 392 1507 423 1568; x_wconf 90' lang='lat' dir='ltr'><strong>in</strong></span> <span class='ocrx_word' id='word_1_113' title='bbox 442 1504 576 1586; x_wconf 83' lang='lat' dir='ltr'><strong>Augusti</strong></span> <span class='ocrx_word' id='word_1_114' title='bbox 592 1507 643 1569; x_wconf 84' lang='lat'><strong>43.</strong></span> <span class='ocrx_word' id='word_1_115' title='bbox 665 1527 683 1569; x_wconf 91' lang='lat' dir='ltr'><strong>a</strong></span> <span class='ocrx_word' id='word_1_116' title='bbox 705 1507 866 1587; x_wconf 92' lang='lat' dir='ltr'><strong>posteriori</strong></span> <span class='ocrx_word' id='word_1_117' title='bbox 888 1506 977 1570; x_wconf 92' lang='lat' dir='ltr'><strong>initio</strong></span> <span class='ocrx_word' id='word_1_118' title='bbox 998 1513 1105 1569; x_wconf 88' lang='lat' dir='ltr'><strong>contra</strong></span> <span class='ocrx_word' id='word_1_119' title='bbox 1128 1524 1216 1588; x_wconf 90' lang='lat' dir='ltr'><strong>quam</strong></span> <span class='ocrx_word' id='word_1_120' title='bbox 1237 1504 1451 1568; x_wconf 52' lang='lat' dir='ltr'><strong>Eusebius‘et</strong></span> <span class='ocrx_word' id='word_1_121' title='bbox 1470 1525 1505 1566; x_wconf 89' lang='lat' dir='ltr'><strong>ve</strong></span> 
     </span>
     <span class='ocr_line' id='line_1_15' title="bbox 256 1595 1505 1678; baseline -0.001 -21"><span class='ocrx_word' id='word_1_122' title='bbox 256 1595 327 1678; x_wconf 89' lang='lat' dir='ltr'><strong>quin</strong></span> <span class='ocrx_word' id='word_1_123' title='bbox 341 1595 443 1676; x_wconf 91' lang='lat' dir='ltr'><strong>potius</strong></span> <span class='ocrx_word' id='word_1_124' title='bbox 459 1603 493 1656; x_wconf 88' lang='lat' dir='ltr'><strong>ut</strong></span> <span class='ocrx_word' id='word_1_125' title='bbox 508 1614 564 1676; x_wconf 92' lang='lat' dir='ltr'><strong>nos</strong></span> <span class='ocrx_word' id='word_1_126' title='bbox 579 1595 684 1670; x_wconf 90' lang='lat' dir='ltr'><strong>hodie,</strong></span> <span class='ocrx_word' id='word_1_127' title='bbox 705 1602 828 1659; x_wconf 89' lang='lat' dir='ltr'><strong>utentes</strong></span> <span class='ocrx_word' id='word_1_128' title='bbox 851 1596 981 1659; x_wconf 89' lang='lat' dir='ltr'><strong>numeris</strong></span> <span class='ocrx_word' id='word_1_129' title='bbox 996 1595 1135 1677; x_wconf 82' lang='lat' dir='ltr'><strong>Dionysii</strong></span> <span class='ocrx_word' id='word_1_130' title='bbox 1159 1595 1218 1657; x_wconf 91' lang='lat' dir='ltr'><strong>alio</strong></span> <span class='ocrx_word' id='word_1_131' title='bbox 1235 1613 1337 1657; x_wconf 90' lang='lat' dir='ltr'><strong>sensu.</strong></span> <span class='ocrx_word' id='word_1_132' title='bbox 1384 1595 1505 1657; x_wconf 80' lang='lat' dir='ltr'><strong>Ediderr</strong></span> 
     </span>
     <span class='ocr_line' id='line_1_16' title="bbox 255 1684 1493 1765; baseline -0.002 -17"><span class='ocrx_word' id='word_1_133' title='bbox 255 1692 318 1748; x_wconf 85' lang='lat' dir='ltr'><strong>tem</strong></span> <span class='ocrx_word' id='word_1_134' title='bbox 332 1685 497 1765; x_wconf 93' lang='lat' dir='ltr'><strong>Dionysius</strong></span> <span class='ocrx_word' id='word_1_135' title='bbox 513 1685 628 1765; x_wconf 90' lang='lat' dir='ltr'><strong>cyclum</strong></span> <span class='ocrx_word' id='word_1_136' title='bbox 644 1703 729 1761; x_wconf 89' lang='lat' dir='ltr'><strong>suum</strong></span> <span class='ocrx_word' id='word_1_137' title='bbox 745 1692 816 1747; x_wconf 91' lang='lat' dir='ltr'><strong>ante</strong></span> <span class='ocrx_word' id='word_1_138' title='bbox 832 1686 875 1748; x_wconf 89' lang='grc'><strong>30</strong></span> <span class='ocrx_word' id='word_1_139' title='bbox 891 1704 996 1748; x_wconf 91' lang='lat' dir='ltr'><strong>annos.</strong></span> <span class='ocrx_word' id='word_1_140' title='bbox 1030 1685 1188 1748; x_wconf 87' lang='lat' dir='ltr'><strong>Victorem</strong></span> <span class='ocrx_word' id='word_1_141' title='bbox 1203 1684 1282 1747; x_wconf 90' lang='lat' dir='ltr'><strong>huuc</strong></span> <span class='ocrx_word' id='word_1_142' title='bbox 1299 1691 1429 1746; x_wconf 89' lang='lat' dir='ltr'><strong>secutus</strong></span> <span class='ocrx_word' id='word_1_143' title='bbox 1445 1690 1493 1746; x_wconf 92' lang='lat' dir='ltr'><strong>est</strong></span> 
     </span>
     <span class='ocr_line' id='line_1_17' title="bbox 215 1768 1501 1856; baseline -0.001 -20"><span class='ocrx_word' id='word_1_144' title='bbox 215 1768 219 1774; x_wconf 65' lang='grc'><strong>“</strong></span> <span class='ocrx_word' id='word_1_145' title='bbox 256 1793 311 1836; x_wconf 90' lang='lat' dir='ltr'><strong>nes</strong></span> <span class='ocrx_word' id='word_1_146' title='bbox 325 1774 514 1837; x_wconf 82' lang='lat' dir='ltr'><strong>Bideriensis</strong></span> <span class='ocrx_word' id='word_1_147' title='bbox 531 1773 635 1849; x_wconf 86' lang='lat' dir='ltr'><strong>abbas,</strong></span> <span class='ocrx_word' id='word_1_148' title='bbox 651 1792 744 1856; x_wconf 88' lang='lat' dir='ltr'><strong>usque</strong></span> <span class='ocrx_word' id='word_1_149' title='bbox 761 1774 800 1836; x_wconf 89' lang='lat' dir='ltr'><strong>ad</strong></span> <span class='ocrx_word' id='word_1_150' title='bbox 816 1793 926 1839; x_wconf 82' lang='lat' dir='ltr'><strong>anuum</strong></span> <span class='ocrx_word' id='word_1_151' title='bbox 941 1796 961 1836; x_wconf 91' lang='lat' dir='ltr'><strong>a</strong></span> <span class='ocrx_word' id='word_1_152' title='bbox 971 1773 1221 1856; x_wconf 88' lang='lat' dir='ltr'><strong>SynodoNicena</strong></span> <span class='ocrx_word' id='word_1_153' title='bbox 1235 1772 1310 1836; x_wconf 90' lang='grc'><strong>266.</strong></span> <span class='ocrx_word' id='word_1_154' title='bbox 1327 1792 1501 1836; x_wconf 89' lang='lat' dir='ltr'><strong>numerans.</strong></span> 
     </span>
    </p>
   </div>
   <div class='ocr_carea' id='block_1_3' title="bbox 169 1862 1505 1944">
    <p class='ocr_par' dir='ltr' id='par_1_4' title="bbox 169 1862 1505 1944">
     <span class='ocr_line' id='line_1_18' title="bbox 169 1862 1505 1944; baseline -0.002 -18"><span class='ocrx_word' id='word_1_155' title='bbox 169 1899 171 1901; x_wconf 94' lang='lat'>·</span> <span class='ocrx_word' id='word_1_156' title='bbox 255 1864 331 1926; x_wconf 90' lang='lat' dir='ltr'><strong>toris</strong></span> <span class='ocrx_word' id='word_1_157' title='bbox 346 1882 418 1925; x_wconf 87' lang='lat' dir='ltr'><strong>vero</strong></span> <span class='ocrx_word' id='word_1_158' title='bbox 434 1863 644 1925; x_wconf 80' lang='lat' dir='ltr'><strong>&#39;lbnnunensis</strong></span> <span class='ocrx_word' id='word_1_159' title='bbox 658 1870 844 1926; x_wconf 89' lang='lat' dir='ltr'><strong>coaetaneus</strong></span> <span class='ocrx_word' id='word_1_160' title='bbox 859 1864 1056 1929; x_wconf 86' lang='lat' dir='ltr'><strong>Marcellinus</strong></span> <span class='ocrx_word' id='word_1_161' title='bbox 1072 1882 1172 1926; x_wconf 91' lang='lat' dir='ltr'><strong>comes</strong></span> <span class='ocrx_word' id='word_1_162' title='bbox 1187 1862 1367 1944; x_wconf 89' lang='lat' dir='ltr'><strong>Hieronymi</strong></span> <span class='ocrx_word' id='word_1_163' title='bbox 1389 1870 1423 1924; x_wconf 90' lang='lat' dir='ltr'><strong>et</strong></span> <span class='ocrx_word' id='word_1_164' title='bbox 1444 1863 1505 1944; x_wconf 89' lang='lat' dir='ltr'><strong>ipse</strong></span> 
     </span>
    </p>
   </div>
   <div class='ocr_carea' id='block_1_4' title="bbox 254 1952 1505 3814">
    <p class='ocr_par' dir='ltr' id='par_1_5' title="bbox 254 1952 1505 2568">
     <span class='ocr_line' id='line_1_19' title="bbox 254 1952 1505 2034; baseline -0.002 -19"><span class='ocrx_word' id='word_1_165' title='bbox 254 1953 390 2016; x_wconf 82' lang='lat' dir='ltr'><strong>tinuatur</strong></span> <span class='ocrx_word' id='word_1_166' title='bbox 405 1971 501 2032; x_wconf 92' lang='lat' dir='ltr'><strong>neque</strong></span> <span class='ocrx_word' id='word_1_167' title='bbox 510 1953 693 2032; x_wconf 90' lang='lat' dir='ltr'><strong>Prosperum</strong></span> <span class='ocrx_word' id='word_1_168' title='bbox 707 1953 833 2034; x_wconf 86' lang='lat' dir='ltr'><strong>respicit</strong></span> <span class='ocrx_word' id='word_1_169' title='bbox 847 1954 943 2034; x_wconf 91' lang='lat' dir='ltr'><strong>neque</strong></span> <span class='ocrx_word' id='word_1_170' title='bbox 952 1952 1176 2034; x_wconf 86' lang='lat' dir='ltr'><strong>Hieronymum,</strong></span> <span class='ocrx_word' id='word_1_171' title='bbox 1190 1952 1350 2014; x_wconf 87' lang='lat' dir='ltr'><strong>imitantes</strong></span> <span class='ocrx_word' id='word_1_172' title='bbox 1365 1958 1505 2015; x_wconf 86' lang='lat' dir='ltr'><strong>numerat</strong></span> 
     </span>
     <span class='ocr_line' id='line_1_20' title="bbox 254 2041 1505 2123; baseline -0.002 -19"><span class='ocrx_word' id='word_1_173' title='bbox 254 2042 393 2117; x_wconf 90' lang='lat' dir='ltr'><strong>Eusebii,</strong></span> <span class='ocrx_word' id='word_1_174' title='bbox 416 2041 469 2105; x_wconf 91' lang='lat' dir='ltr'><strong>sed</strong></span> <span class='ocrx_word' id='word_1_175' title='bbox 486 2041 675 2103; x_wconf 90' lang='lat' dir='ltr'><strong>consulatum</strong></span> <span class='ocrx_word' id='word_1_176' title='bbox 690 2042 819 2104; x_wconf 87' lang='lat' dir='ltr'><strong>Ausonii</strong></span> <span class='ocrx_word' id='word_1_177' title='bbox 835 2049 868 2104; x_wconf 92' lang='lat' dir='ltr'><strong>et</strong></span> <span class='ocrx_word' id='word_1_178' title='bbox 883 2041 1016 2123; x_wconf 90' lang='lat' dir='ltr'><strong>Olybrii,</strong></span> <span class='ocrx_word' id='word_1_179' title='bbox 1039 2061 1126 2123; x_wconf 91' lang='lat' dir='ltr'><strong>quero</strong></span> <span class='ocrx_word' id='word_1_180' title='bbox 1140 2042 1183 2103; x_wconf 93' lang='lat' dir='ltr'><strong>illi</strong></span> <span class='ocrx_word' id='word_1_181' title='bbox 1199 2060 1350 2104; x_wconf 86' lang='lat' dir='ltr'><strong>consensu</strong></span> <span class='ocrx_word' id='word_1_182' title='bbox 1367 2060 1505 2103; x_wconf 69' lang='lat' dir='ltr'><strong>numerat</strong></span> 
     </span>
     <span class='ocr_line' id='line_1_21' title="bbox 256 2129 1505 2212; baseline -0.002 -18"><span class='ocrx_word' id='word_1_183' title='bbox 256 2130 372 2195; x_wconf 89' lang='lat' dir='ltr'><strong>Christi</strong></span> <span class='ocrx_word' id='word_1_184' title='bbox 387 2130 461 2204; x_wconf 87' lang='grc'><strong>380,</strong></span> <span class='ocrx_word' id='word_1_185' title='bbox 477 2148 544 2192; x_wconf 91' lang='lat' dir='ltr'><strong>eum</strong></span> <span class='ocrx_word' id='word_1_186' title='bbox 557 2129 624 2210; x_wconf 88' lang='lat' dir='ltr'><strong>ipse</strong></span> <span class='ocrx_word' id='word_1_187' title='bbox 633 2130 781 2211; x_wconf 89' lang='lat' dir='ltr'><strong>Dionysio</strong></span> <span class='ocrx_word' id='word_1_188' title='bbox 797 2138 936 2193; x_wconf 92' lang='lat' dir='ltr'><strong>numerat</strong></span> <span class='ocrx_word' id='word_1_189' title='bbox 949 2130 1022 2205; x_wconf 87' lang='grc'><strong>229,</strong></span> <span class='ocrx_word' id='word_1_190' title='bbox 1039 2131 1145 2193; x_wconf 90' lang='lat' dir='ltr'><strong>addita</strong></span> <span class='ocrx_word' id='word_1_191' title='bbox 1159 2150 1197 2192; x_wconf 92' lang='lat' dir='ltr'><strong>ne</strong></span> <span class='ocrx_word' id='word_1_192' title='bbox 1213 2130 1284 2212; x_wconf 91' lang='lat' dir='ltr'><strong>quid</strong></span> <span class='ocrx_word' id='word_1_193' title='bbox 1300 2130 1428 2193; x_wconf 90' lang='lat' dir='ltr'><strong>dubites</strong></span> <span class='ocrx_word' id='word_1_194' title='bbox 1443 2130 1505 2193; x_wconf 90' lang='lat' dir='ltr'><strong>indi</strong></span> 
     </span>
     <span class='ocr_line' id='line_1_22' title="bbox 255 2219 1505 2302; baseline 0 -20"><span class='ocrx_word' id='word_1_195' title='bbox 255 2219 324 2282; x_wconf 88' lang='lat' dir='ltr'><strong>VII.</strong></span> <span class='ocrx_word' id='word_1_196' title='bbox 369 2221 511 2300; x_wconf 86' lang='lat' dir='ltr'><strong>Apparet</strong></span> <span class='ocrx_word' id='word_1_197' title='bbox 524 2220 628 2300; x_wconf 89' lang='lat' dir='ltr'><strong>itaque</strong></span> <span class='ocrx_word' id='word_1_198' title='bbox 644 2225 677 2281; x_wconf 90' lang='lat' dir='ltr'><strong>et</strong></span> <span class='ocrx_word' id='word_1_199' title='bbox 691 2219 748 2282; x_wconf 92' lang='lat' dir='ltr'><strong>hos</strong></span> <span class='ocrx_word' id='word_1_200' title='bbox 764 2226 796 2282; x_wconf 90' lang='lat' dir='ltr'><strong>et</strong></span> <span class='ocrx_word' id='word_1_201' title='bbox 811 2220 860 2302; x_wconf 92' lang='lat' dir='ltr'><strong>qui</strong></span> <span class='ocrx_word' id='word_1_202' title='bbox 874 2226 947 2301; x_wconf 90' lang='lat' dir='ltr'><strong>post</strong></span> <span class='ocrx_word' id='word_1_203' title='bbox 960 2220 1029 2282; x_wconf 91' lang='lat' dir='ltr'><strong>illos</strong></span> <span class='ocrx_word' id='word_1_204' title='bbox 1045 2219 1195 2301; x_wconf 89' lang='lat' dir='ltr'><strong>permille</strong></span> <span class='ocrx_word' id='word_1_205' title='bbox 1212 2238 1308 2280; x_wconf 90' lang='lat' dir='ltr'><strong>annos</strong></span> <span class='ocrx_word' id='word_1_206' title='bbox 1325 2219 1505 2300; x_wconf 86' lang='lat' dir='ltr'><strong>seripserun</strong></span> 
     </span>
     <span class='ocr_line' id='line_1_23' title="bbox 256 2307 1505 2391; baseline -0.001 -20"><span class='ocrx_word' id='word_1_207' title='bbox 256 2309 324 2371; x_wconf 88' lang='lat' dir='ltr'><strong>dam</strong></span> <span class='ocrx_word' id='word_1_208' title='bbox 339 2316 414 2389; x_wconf 91' lang='lat' dir='ltr'><strong>puta</strong></span> <span class='ocrx_word' id='word_1_209' title='bbox 431 2316 463 2370; x_wconf 92' lang='lat' dir='ltr'><strong>et</strong></span> <span class='ocrx_word' id='word_1_210' title='bbox 476 2309 681 2370; x_wconf 89' lang='lat' dir='ltr'><strong>Hermannum</strong></span> <span class='ocrx_word' id='word_1_211' title='bbox 697 2315 729 2371; x_wconf 94' lang='lat' dir='ltr'><strong>et</strong></span> <span class='ocrx_word' id='word_1_212' title='bbox 745 2307 936 2391; x_wconf 89' lang='lat' dir='ltr'><strong>Sigebertum</strong></span> <span class='ocrx_word' id='word_1_213' title='bbox 952 2308 1004 2371; x_wconf 77' lang='lat' dir='ltr'><strong>iro.</strong></span> <span class='ocrx_word' id='word_1_214' title='bbox 1021 2316 1149 2389; x_wconf 89' lang='lat' dir='ltr'><strong>excepto</strong></span> <span class='ocrx_word' id='word_1_215' title='bbox 1164 2307 1252 2370; x_wconf 91' lang='lat' dir='ltr'><strong>unico</strong></span> <span class='ocrx_word' id='word_1_216' title='bbox 1266 2308 1415 2371; x_wconf 89' lang='lat' dir='ltr'><strong>Mariano</strong></span> <span class='ocrx_word' id='word_1_217' title='bbox 1432 2308 1505 2372; x_wconf 88' lang='lat' dir='ltr'><strong>Scot</strong></span> 
     </span>
     <span class='ocr_line' id='line_1_24' title="bbox 255 2398 1501 2481; baseline 0.001 -21"><span class='ocrx_word' id='word_1_218' title='bbox 255 2416 320 2460; x_wconf 91' lang='lat' dir='ltr'><strong>ram</strong></span> <span class='ocrx_word' id='word_1_219' title='bbox 342 2405 477 2460; x_wconf 89' lang='lat' dir='ltr'><strong>nostram</strong></span> <span class='ocrx_word' id='word_1_220' title='bbox 499 2405 658 2463; x_wconf 89' lang='lat' dir='ltr'><strong>erroneam</strong></span> <span class='ocrx_word' id='word_1_221' title='bbox 680 2398 719 2459; x_wconf 92' lang='lat' dir='ltr'><strong>ab</strong></span> <span class='ocrx_word' id='word_1_222' title='bbox 741 2410 799 2461; x_wconf 88' lang='lat' dir='ltr'><strong>uno</strong></span> <span class='ocrx_word' id='word_1_223' title='bbox 815 2398 963 2480; x_wconf 90' lang='lat' dir='ltr'><strong>Dionysio</strong></span> <span class='ocrx_word' id='word_1_224' title='bbox 985 2405 1141 2460; x_wconf 90' lang='lat' dir='ltr'><strong>mutuatos</strong></span> <span class='ocrx_word' id='word_1_225' title='bbox 1164 2417 1246 2460; x_wconf 88' lang='lat' dir='ltr'><strong>esse:</strong></span> <span class='ocrx_word' id='word_1_226' title='bbox 1270 2398 1351 2479; x_wconf 93' lang='lat' dir='ltr'><strong>quod</strong></span> <span class='ocrx_word' id='word_1_227' title='bbox 1375 2399 1501 2481; x_wconf 90' lang='lat' dir='ltr'><strong>quidem</strong></span> 
     </span>
     <span class='ocr_line' id='line_1_25' title="bbox 256 2486 1323 2568; baseline 0.003 -19"><span class='ocrx_word' id='word_1_228' title='bbox 256 2487 347 2550; x_wconf 90' lang='lat' dir='ltr'><strong>claris</strong></span> <span class='ocrx_word' id='word_1_229' title='bbox 363 2486 462 2562; x_wconf 89' lang='lat' dir='ltr'><strong>verbis</strong></span> <span class='ocrx_word' id='word_1_230' title='bbox 476 2487 543 2567; x_wconf 91' lang='lat' dir='ltr'><strong>ipse</strong></span> <span class='ocrx_word' id='word_1_231' title='bbox 559 2493 694 2549; x_wconf 87' lang='lat' dir='ltr'><strong>testatur</strong></span> <span class='ocrx_word' id='word_1_232' title='bbox 709 2487 740 2549; x_wconf 93' lang='lat' dir='ltr'><strong>in</strong></span> <span class='ocrx_word' id='word_1_233' title='bbox 756 2487 906 2550; x_wconf 92' lang='lat' dir='ltr'><strong>Chronico</strong></span> <span class='ocrx_word' id='word_1_234' title='bbox 923 2487 1052 2568; x_wconf 90' lang='lat' dir='ltr'><strong>saepius.</strong></span> <span class='ocrx_word' id='word_1_235' title='bbox 1314 2545 1323 2552; x_wconf 71' lang='grc'>,</span> 
     </span>
    </p>

    <p class='ocr_par' dir='ltr' id='par_1_6' title="bbox 254 2575 1505 3814">
     <span class='ocr_line' id='line_1_26' title="bbox 342 2575 1505 2657; baseline 0 -19"><span class='ocrx_word' id='word_1_236' title='bbox 342 2576 416 2638; x_wconf 85' lang='lat' dir='ltr'><strong>Dixi</strong></span> <span class='ocrx_word' id='word_1_237' title='bbox 431 2577 550 2657; x_wconf 85' lang='lat' dir='ltr'><strong>quando</strong></span> <span class='ocrx_word' id='word_1_238' title='bbox 576 2595 660 2640; x_wconf 88' lang='lat' dir='ltr'><strong>orror</strong></span> <span class='ocrx_word' id='word_1_239' title='bbox 681 2583 805 2638; x_wconf 90' lang='lat' dir='ltr'><strong>nostrae</strong></span> <span class='ocrx_word' id='word_1_240' title='bbox 827 2577 941 2639; x_wconf 91' lang='lat' dir='ltr'><strong>usualis</strong></span> <span class='ocrx_word' id='word_1_241' title='bbox 964 2595 1054 2639; x_wconf 87' lang='lat' dir='ltr'><strong>aerae</strong></span> <span class='ocrx_word' id='word_1_242' title='bbox 1077 2575 1237 2638; x_wconf 88' lang='lat' dir='ltr'><strong>inoleverit</strong></span> <span class='ocrx_word' id='word_1_243' title='bbox 1259 2575 1345 2656; x_wconf 90' lang='lat' dir='ltr'><strong>apud</strong></span> <span class='ocrx_word' id='word_1_244' title='bbox 1365 2575 1505 2639; x_wconf 78' lang='lat' dir='ltr'><strong>ecclesia</strong></span> 
     </span>
     <span class='ocr_line' id='line_1_27' title="bbox 255 2664 1505 2746; baseline -0.002 -18"><span class='ocrx_word' id='word_1_245' title='bbox 255 2665 412 2728; x_wconf 88' lang='lat' dir='ltr'><strong>dicendum</strong></span> <span class='ocrx_word' id='word_1_246' title='bbox 429 2673 477 2726; x_wconf 92' lang='lat' dir='ltr'><strong>est</strong></span> <span class='ocrx_word' id='word_1_247' title='bbox 493 2673 524 2726; x_wconf 91' lang='lat' dir='ltr'><strong>et</strong></span> <span class='ocrx_word' id='word_1_248' title='bbox 540 2664 577 2726; x_wconf 91' lang='lat' dir='ltr'><strong>de</strong></span> <span class='ocrx_word' id='word_1_249' title='bbox 592 2665 826 2746; x_wconf 89' lang='lat' dir='ltr'><strong>rebospublieis,</strong></span> <span class='ocrx_word' id='word_1_250' title='bbox 848 2666 906 2728; x_wconf 91' lang='lat' dir='ltr'><strong>etsi</strong></span> <span class='ocrx_word' id='word_1_251' title='bbox 928 2685 989 2727; x_wconf 93' lang='lat' dir='ltr'><strong>non</strong></span> <span class='ocrx_word' id='word_1_252' title='bbox 1012 2665 1125 2727; x_wconf 90' lang='lat' dir='ltr'><strong>diutius</strong></span> <span class='ocrx_word' id='word_1_253' title='bbox 1148 2665 1246 2729; x_wconf 89' lang='lat' dir='ltr'><strong>dilata</strong></span> <span class='ocrx_word' id='word_1_254' title='bbox 1266 2665 1346 2727; x_wconf 92' lang='lat' dir='ltr'><strong>haec</strong></span> <span class='ocrx_word' id='word_1_255' title='bbox 1369 2685 1448 2728; x_wconf 88' lang='lat' dir='ltr'><strong>aera</strong></span> <span class='ocrx_word' id='word_1_256' title='bbox 1468 2666 1505 2727; x_wconf 89' lang='lat' dir='ltr'><strong>eti</strong></span> 
     </span>
     <span class='ocr_line' id='line_1_28' title="bbox 254 2753 1505 2837; baseline -0.001 -19"><span class='ocrx_word' id='word_1_257' title='bbox 254 2755 387 2837; x_wconf 88' lang='lat' dir='ltr'><strong>politicis</strong></span> <span class='ocrx_word' id='word_1_258' title='bbox 404 2762 436 2816; x_wconf 90' lang='lat' dir='ltr'><strong>et</strong></span> <span class='ocrx_word' id='word_1_259' title='bbox 450 2753 619 2816; x_wconf 85' lang='lat' dir='ltr'><strong>forensibus</strong></span> <span class='ocrx_word' id='word_1_260' title='bbox 635 2754 775 2833; x_wconf 91' lang='lat' dir='ltr'><strong>negotiis.</strong></span> <span class='ocrx_word' id='word_1_261' title='bbox 819 2754 919 2817; x_wconf 90' lang='lat' dir='ltr'><strong>Erant</strong></span> <span class='ocrx_word' id='word_1_262' title='bbox 940 2755 1019 2824; x_wconf 90' lang='lat' dir='ltr'><strong>enim</strong></span> <span class='ocrx_word' id='word_1_263' title='bbox 1034 2754 1088 2816; x_wconf 93' lang='lat' dir='ltr'><strong>illa</strong></span> <span class='ocrx_word' id='word_1_264' title='bbox 1103 2761 1256 2835; x_wconf 90' lang='lat' dir='ltr'><strong>tempora,</strong></span> <span class='ocrx_word' id='word_1_265' title='bbox 1280 2773 1347 2815; x_wconf 91' lang='lat' dir='ltr'><strong>oum</strong></span> <span class='ocrx_word' id='word_1_266' title='bbox 1371 2754 1505 2817; x_wconf 81' lang='lat' dir='ltr'><strong>barbara</strong></span> 
     </span>
     <span class='ocr_line' id='line_1_29' title="bbox 255 2842 1505 2924; baseline 0 -18"><span class='ocrx_word' id='word_1_267' title='bbox 255 2846 370 2918; x_wconf 87' lang='lat' dir='ltr'><strong>tiones,</strong></span> <span class='ocrx_word' id='word_1_268' title='bbox 392 2843 558 2905; x_wconf 78' lang='lat' dir='ltr'><strong>Teutonico</strong></span> <span class='ocrx_word' id='word_1_269' title='bbox 574 2850 680 2905; x_wconf 90' lang='lat' dir='ltr'><strong>nostra</strong></span> <span class='ocrx_word' id='word_1_270' title='bbox 696 2844 799 2924; x_wconf 88' lang='lat' dir='ltr'><strong>lingua</strong></span> <span class='ocrx_word' id='word_1_271' title='bbox 813 2858 904 2919; x_wconf 86' lang='lat' dir='ltr'><strong>usae,</strong></span> <span class='ocrx_word' id='word_1_272' title='bbox 929 2842 1097 2908; x_wconf 88' lang='lat' dir='ltr'><strong>Christiani</strong></span> <span class='ocrx_word' id='word_1_273' title='bbox 1112 2843 1321 2923; x_wconf 89' lang='lat' dir='ltr'><strong>utplurimum</strong></span> <span class='ocrx_word' id='word_1_274' title='bbox 1337 2850 1395 2905; x_wconf 91' lang='lat' dir='ltr'><strong>aut</strong></span> <span class='ocrx_word' id='word_1_275' title='bbox 1410 2844 1505 2906; x_wconf 80' lang='lat' dir='ltr'><strong>Arina</strong></span> 
     </span>
     <span class='ocr_line' id='line_1_30' title="bbox 254 2931 1505 3018; baseline -0.005 -22"><span class='ocrx_word' id='word_1_276' title='bbox 254 2934 395 3014; x_wconf 82' lang='lat' dir='ltr'><strong>Europae</strong></span> <span class='ocrx_word' id='word_1_277' title='bbox 419 2932 594 3011; x_wconf 86' lang='lat' dir='ltr'><strong>superfusae</strong></span> <span class='ocrx_word' id='word_1_278' title='bbox 610 2932 781 3014; x_wconf 89' lang='lat' dir='ltr'><strong>provincias</strong></span> <span class='ocrx_word' id='word_1_279' title='bbox 798 2933 1003 2996; x_wconf 89' lang='lat' dir='ltr'><strong>occidentales</strong></span> <span class='ocrx_word' id='word_1_280' title='bbox 1018 2932 1134 3012; x_wconf 91' lang='lat' dir='ltr'><strong>imperii</strong></span> <span class='ocrx_word' id='word_1_281' title='bbox 1149 2931 1279 2994; x_wconf 89' lang='lat' dir='ltr'><strong>Romani</strong></span> <span class='ocrx_word' id='word_1_282' title='bbox 1293 2932 1459 3018; x_wconf 87' lang='lat' dir='ltr'><strong>ipsamque</strong></span> <span class='ocrx_word' id='word_1_283' title='bbox 1480 2933 1505 2994; x_wconf 67' lang='lat' dir='ltr'><strong>di</strong></span> 
     </span>
     <span class='ocr_line' id='line_1_31' title="bbox 254 3020 1505 3103; baseline -0.002 -17"><span class='ocrx_word' id='word_1_284' title='bbox 254 3023 383 3086; x_wconf 90' lang='lat' dir='ltr'><strong>Romam</strong></span> <span class='ocrx_word' id='word_1_285' title='bbox 399 3028 600 3102; x_wconf 89' lang='lat' dir='ltr'><strong>occuparunt:</strong></span> <span class='ocrx_word' id='word_1_286' title='bbox 623 3041 748 3102; x_wconf 90' lang='lat' dir='ltr'><strong>quarum</strong></span> <span class='ocrx_word' id='word_1_287' title='bbox 771 3023 867 3084; x_wconf 89' lang='lat' dir='ltr'><strong>omnis</strong></span> <span class='ocrx_word' id='word_1_288' title='bbox 888 3021 1018 3084; x_wconf 90' lang='lat' dir='ltr'><strong>scientia</strong></span> <span class='ocrx_word' id='word_1_289' title='bbox 1032 3020 1245 3102; x_wconf 89' lang='lat' dir='ltr'><strong>literarumque</strong></span> <span class='ocrx_word' id='word_1_290' title='bbox 1261 3040 1335 3082; x_wconf 89' lang='lat' dir='ltr'><strong>usus</strong></span> <span class='ocrx_word' id='word_1_291' title='bbox 1351 3021 1505 3103; x_wconf 82' lang='lat' dir='ltr'><strong>omnisque</strong></span> 
     </span>
     <span class='ocr_line' id='line_1_32' title="bbox 256 3109 1505 3194; baseline -0.002 -19"><span class='ocrx_word' id='word_1_292' title='bbox 256 3111 389 3194; x_wconf 85' lang='lat' dir='ltr'><strong>cognitio</strong></span> <span class='ocrx_word' id='word_1_293' title='bbox 404 3117 572 3190; x_wconf 90' lang='lat' dir='ltr'><strong>temporum</strong></span> <span class='ocrx_word' id='word_1_294' title='bbox 587 3129 681 3190; x_wconf 88' lang='lat' dir='ltr'><strong>penes</strong></span> <span class='ocrx_word' id='word_1_295' title='bbox 697 3111 923 3174; x_wconf 90' lang='lat' dir='ltr'><strong>ecclesiasticos</strong></span> <span class='ocrx_word' id='word_1_296' title='bbox 939 3118 1007 3173; x_wconf 92' lang='lat' dir='ltr'><strong>erat</strong></span> <span class='ocrx_word' id='word_1_297' title='bbox 1013 3128 1023 3185; x_wconf 88' lang='grc'>;</span> <span class='ocrx_word' id='word_1_298' title='bbox 1046 3111 1077 3173; x_wconf 94' lang='lat' dir='ltr'><strong>hi</strong></span> <span class='ocrx_word' id='word_1_299' title='bbox 1093 3109 1227 3184; x_wconf 90' lang='lat' dir='ltr'><strong>scribae,</strong></span> <span class='ocrx_word' id='word_1_300' title='bbox 1248 3110 1280 3171; x_wconf 92' lang='lat' dir='ltr'><strong>hi</strong></span> <span class='ocrx_word' id='word_1_301' title='bbox 1295 3110 1429 3184; x_wconf 88' lang='lat' dir='ltr'><strong>notarii,</strong></span> <span class='ocrx_word' id='word_1_302' title='bbox 1455 3129 1505 3193; x_wconf 91' lang='lat' dir='ltr'><strong>con</strong></span> 
     </span>
     <span class='ocr_line' id='line_1_33' title="bbox 255 3198 1500 3282; baseline -0.001 -19"><span class='ocrx_word' id='word_1_303' title='bbox 255 3202 414 3274; x_wconf 88' lang='lat' dir='ltr'><strong>tarienses,</strong></span> <span class='ocrx_word' id='word_1_304' title='bbox 429 3198 676 3279; x_wconf 88' lang='lat' dir='ltr'><strong>historiographi,</strong></span> <span class='ocrx_word' id='word_1_305' title='bbox 686 3199 764 3278; x_wconf 87' lang='lat' dir='ltr'><strong>juris</strong></span> <span class='ocrx_word' id='word_1_306' title='bbox 780 3200 907 3282; x_wconf 91' lang='lat' dir='ltr'><strong>denique</strong></span> <span class='ocrx_word' id='word_1_307' title='bbox 924 3208 957 3262; x_wconf 91' lang='lat' dir='ltr'><strong>et</strong></span> <span class='ocrx_word' id='word_1_308' title='bbox 970 3200 1071 3280; x_wconf 91' lang='lat' dir='ltr'><strong>legum</strong></span> <span class='ocrx_word' id='word_1_309' title='bbox 1085 3198 1266 3280; x_wconf 88' lang='lat' dir='ltr'><strong>praesertim</strong></span> <span class='ocrx_word' id='word_1_310' title='bbox 1281 3199 1500 3262; x_wconf 89' lang='lat' dir='ltr'><strong>canonicarum</strong></span> 
     </span>
     <span class='ocr_line' id='line_1_34' title="bbox 255 3287 1505 3372; baseline -0.001 -20"><span class='ocrx_word' id='word_1_311' title='bbox 255 3297 376 3372; x_wconf 87' lang='lat' dir='ltr'><strong>pretes:</strong></span> <span class='ocrx_word' id='word_1_312' title='bbox 394 3288 474 3368; x_wconf 91' lang='lat' dir='ltr'><strong>apud</strong></span> <span class='ocrx_word' id='word_1_313' title='bbox 489 3289 545 3350; x_wconf 92' lang='lat' dir='ltr'><strong>hos</strong></span> <span class='ocrx_word' id='word_1_314' title='bbox 562 3288 755 3370; x_wconf 88' lang='lat' dir='ltr'><strong>antiquitatis</strong></span> <span class='ocrx_word' id='word_1_315' title='bbox 770 3296 965 3350; x_wconf 88' lang='lat' dir='ltr'><strong>monumenta</strong></span> <span class='ocrx_word' id='word_1_316' title='bbox 979 3288 1010 3350; x_wconf 91' lang='lat' dir='ltr'><strong>in</strong></span> <span class='ocrx_word' id='word_1_317' title='bbox 1020 3287 1222 3363; x_wconf 90' lang='lat' dir='ltr'><strong>monasteriis,</strong></span> <span class='ocrx_word' id='word_1_318' title='bbox 1237 3305 1344 3368; x_wconf 92' lang='lat' dir='ltr'><strong>regum</strong></span> <span class='ocrx_word' id='word_1_319' title='bbox 1354 3296 1389 3350; x_wconf 92' lang='lat' dir='ltr'><strong>et</strong></span> <span class='ocrx_word' id='word_1_320' title='bbox 1408 3288 1505 3370; x_wconf 87' lang='lat' dir='ltr'><strong>dynas</strong></span> 
     </span>
     <span class='ocr_line' id='line_1_35' title="bbox 257 3355 1505 3460; baseline -0.001 -19"><span class='ocrx_word' id='word_1_321' title='bbox 257 3378 414 3460; x_wconf 89' lang='lat' dir='ltr'><strong>sepultura</strong></span> <span class='ocrx_word' id='word_1_322' title='bbox 436 3377 611 3438; x_wconf 90' lang='lat' dir='ltr'><strong>honoratis:</strong></span> <span class='ocrx_word' id='word_1_323' title='bbox 639 3376 779 3457; x_wconf 90' lang='lat' dir='ltr'><strong>quicquid</strong></span> <span class='ocrx_word' id='word_1_324' title='bbox 799 3396 889 3458; x_wconf 90' lang='lat' dir='ltr'><strong>reges</strong></span> <span class='ocrx_word' id='word_1_325' title='bbox 910 3355 1168 3459; x_wconf 72' lang='lat' dir='ltr'><strong>imperatoresqhe</strong></span> <span class='ocrx_word' id='word_1_326' title='bbox 1190 3377 1356 3456; x_wconf 84' lang='lat' dir='ltr'><strong>gerebant,</strong></span> <span class='ocrx_word' id='word_1_327' title='bbox 1386 3377 1505 3458; x_wconf 82' lang='lat' dir='ltr'><strong>largieb</strong></span> 
     </span>
     <span class='ocr_line' id='line_1_36' title="bbox 257 3459 1505 3547; baseline -0.001 -17"><span class='ocrx_word' id='word_1_328' title='bbox 257 3467 437 3530; x_wconf 85' lang='lat' dir='ltr'><strong>sanciebant</strong></span> <span class='ocrx_word' id='word_1_329' title='bbox 452 3465 636 3527; x_wconf 86' lang='lat' dir='ltr'><strong>auctoritate</strong></span> <span class='ocrx_word' id='word_1_330' title='bbox 653 3484 801 3545; x_wconf 91' lang='lat' dir='ltr'><strong>suprema,</strong></span> <span class='ocrx_word' id='word_1_331' title='bbox 818 3466 848 3529; x_wconf 93' lang='lat' dir='ltr'><strong>id</strong></span> <span class='ocrx_word' id='word_1_332' title='bbox 864 3459 1015 3547; x_wconf 76' lang='lat' dir='ltr'><strong>episcopii</strong></span> <span class='ocrx_word' id='word_1_333' title='bbox 1030 3465 1162 3528; x_wconf 90' lang='lat' dir='ltr'><strong>testibus</strong></span> <span class='ocrx_word' id='word_1_334' title='bbox 1177 3466 1343 3527; x_wconf 90' lang='lat' dir='ltr'><strong>firmabant</strong></span> <span class='ocrx_word' id='word_1_335' title='bbox 1357 3465 1422 3529; x_wconf 91' lang='lat' dir='ltr'><strong>illis</strong></span> <span class='ocrx_word' id='word_1_336' title='bbox 1438 3467 1505 3529; x_wconf 77' lang='lat' dir='ltr'><strong>aun</strong></span> 
     </span>
     <span class='ocr_line' id='line_1_37' title="bbox 256 3554 1505 3643; baseline 0 -24"><span class='ocrx_word' id='word_1_337' title='bbox 256 3557 387 3619; x_wconf 88' lang='lat' dir='ltr'><strong>ditiones</strong></span> <span class='ocrx_word' id='word_1_338' title='bbox 403 3554 622 3635; x_wconf 89' lang='lat' dir='ltr'><strong>amplissimae:</strong></span> <span class='ocrx_word' id='word_1_339' title='bbox 638 3555 736 3635; x_wconf 92' lang='lat' dir='ltr'><strong>ipsum</strong></span> <span class='ocrx_word' id='word_1_340' title='bbox 753 3555 828 3617; x_wconf 92' lang='lat' dir='ltr'><strong>adeo</strong></span> <span class='ocrx_word' id='word_1_341' title='bbox 844 3555 965 3617; x_wconf 90' lang='lat' dir='ltr'><strong>Latium</strong></span> <span class='ocrx_word' id='word_1_342' title='bbox 981 3556 1070 3617; x_wconf 89' lang='lat' dir='ltr'><strong>vetus</strong></span> <span class='ocrx_word' id='word_1_343' title='bbox 1086 3555 1175 3616; x_wconf 92' lang='lat' dir='ltr'><strong>sodes</strong></span> <span class='ocrx_word' id='word_1_344' title='bbox 1190 3554 1320 3617; x_wconf 89' lang='lat' dir='ltr'><strong>Romani</strong></span> <span class='ocrx_word' id='word_1_345' title='bbox 1336 3555 1460 3643; x_wconf 89' lang='lat' dir='ltr'><strong>imperii</strong></span> <span class='ocrx_word' id='word_1_346' title='bbox 1475 3575 1505 3618; x_wconf 89' lang='lat' dir='ltr'><strong>eu</strong></span> 
     </span>
     <span class='ocr_line' id='line_1_38' title="bbox 256 3635 1505 3727; baseline -0.002 -19"><span class='ocrx_word' id='word_1_347' title='bbox 256 3646 331 3708; x_wconf 90' lang='lat' dir='ltr'><strong>cinis</strong></span> <span class='ocrx_word' id='word_1_348' title='bbox 356 3643 533 3726; x_wconf 91' lang='lat' dir='ltr'><strong>quibusdam</strong></span> <span class='ocrx_word' id='word_1_349' title='bbox 555 3644 728 3724; x_wconf 91' lang='lat' dir='ltr'><strong>regionibus</strong></span> <span class='ocrx_word' id='word_1_350' title='bbox 751 3643 898 3706; x_wconf 88' lang='lat' dir='ltr'><strong>ecclesiae</strong></span> <span class='ocrx_word' id='word_1_351' title='bbox 919 3644 1078 3707; x_wconf 89' lang='lat' dir='ltr'><strong>Romanae</strong></span> <span class='ocrx_word' id='word_1_352' title='bbox 1103 3635 1136 3704; x_wconf 79' lang='lat' dir='ltr'><strong>e&#39;t</strong></span> <span class='ocrx_word' id='word_1_353' title='bbox 1156 3643 1339 3723; x_wconf 90' lang='lat' dir='ltr'><strong>patrimonio</strong></span> <span class='ocrx_word' id='word_1_354' title='bbox 1362 3652 1400 3706; x_wconf 92' lang='lat' dir='ltr'><strong>ut</strong></span> <span class='ocrx_word' id='word_1_355' title='bbox 1423 3645 1505 3727; x_wconf 74' lang='lat' dir='ltr'><strong>appel</strong></span> 
     </span>
     <span class='ocr_line' id='line_1_39' title="bbox 255 3732 1504 3814; baseline -0.002 -16"><span class='ocrx_word' id='word_1_356' title='bbox 255 3734 339 3799; x_wconf 89' lang='lat' dir='ltr'><strong>Petri</strong></span> <span class='ocrx_word' id='word_1_357' title='bbox 356 3733 541 3813; x_wconf 83' lang='lat' dir='ltr'><strong>adjunctum,</strong></span> <span class='ocrx_word' id='word_1_358' title='bbox 565 3732 693 3812; x_wconf 85' lang='lat' dir='ltr'><strong>denique</strong></span> <span class='ocrx_word' id='word_1_359' title='bbox 712 3751 852 3814; x_wconf 90' lang='lat' dir='ltr'><strong>suprema</strong></span> <span class='ocrx_word' id='word_1_360' title='bbox 867 3734 922 3795; x_wconf 91' lang='lat' dir='ltr'><strong>sub</strong></span> <span class='ocrx_word' id='word_1_361' title='bbox 937 3733 1121 3813; x_wconf 91' lang='lat' dir='ltr'><strong>imperatore</strong></span> <span class='ocrx_word' id='word_1_362' title='bbox 1138 3733 1275 3813; x_wconf 86' lang='lat' dir='ltr'><strong>dignitas</strong></span> <span class='ocrx_word' id='word_1_363' title='bbox 1288 3739 1322 3794; x_wconf 91' lang='lat' dir='ltr'><strong>et</strong></span> <span class='ocrx_word' id='word_1_364' title='bbox 1333 3733 1386 3813; x_wconf 88' lang='lat' dir='ltr'><strong>jus</strong></span> <span class='ocrx_word' id='word_1_365' title='bbox 1404 3735 1504 3814; x_wconf 88' lang='lat' dir='ltr'><strong>eligen</strong></span> 
     </span>
    </p>
   </div>
   <div class='ocr_carea' id='block_1_5' title="bbox 166 3821 1505 3906">
    <p class='ocr_par' dir='ltr' id='par_1_7' title="bbox 166 3821 1505 3906">
     <span class='ocr_line' id='line_1_40' title="bbox 166 3821 1505 3906; baseline -0.001 -19"><span class='ocrx_word' id='word_1_366' title='bbox 166 3856 169 3863; x_wconf 86' lang='lat'>.</span> <span class='ocrx_word' id='word_1_367' title='bbox 254 3843 324 3906; x_wconf 89' lang='lat' dir='ltr'><strong>gem</strong></span> <span class='ocrx_word' id='word_1_368' title='bbox 340 3821 530 3896; x_wconf 86' lang='lat' dir='ltr'><strong>Germaniae,</strong></span> <span class='ocrx_word' id='word_1_369' title='bbox 545 3839 639 3901; x_wconf 90' lang='lat' dir='ltr'><strong>penes</strong></span> <span class='ocrx_word' id='word_1_370' title='bbox 655 3840 742 3902; x_wconf 90' lang='lat' dir='ltr'><strong>quem</strong></span> <span class='ocrx_word' id='word_1_371' title='bbox 756 3821 846 3883; x_wconf 90' lang='lat' dir='ltr'><strong>hodie</strong></span> <span class='ocrx_word' id='word_1_372' title='bbox 862 3830 912 3884; x_wconf 87' lang='lat' dir='ltr'><strong>est</strong></span> <span class='ocrx_word' id='word_1_373' title='bbox 925 3821 994 3902; x_wconf 91' lang='lat' dir='ltr'><strong>imp.</strong></span> <span class='ocrx_word' id='word_1_374' title='bbox 1010 3821 1097 3884; x_wconf 89' lang='lat' dir='ltr'><strong>Rom.</strong></span> <span class='ocrx_word' id='word_1_375' title='bbox 1113 3822 1277 3901; x_wconf 85' lang='lat' dir='ltr'><strong>fastigium,</strong></span> <span class='ocrx_word' id='word_1_376' title='bbox 1292 3821 1436 3885; x_wconf 88' lang='lat' dir='ltr'><strong>omnibus</strong></span> <span class='ocrx_word' id='word_1_377' title='bbox 1453 3822 1505 3886; x_wconf 81' lang='lat' dir='ltr'><strong>on</strong></span> 
     </span>
    </p>
   </div>
   <div class='ocr_carea' id='block_1_6' title="bbox 256 3906 1498 3993">
    <p class='ocr_par' dir='ltr' id='par_1_8' title="bbox 256 3906 1498 3993">
     <span class='ocr_line' id='line_1_41' title="bbox 256 3906 1498 3993; baseline -0.002 -17"><span class='ocrx_word' id='word_1_378' title='bbox 256 3915 303 3976; x_wconf 92' lang='lat' dir='ltr'><strong>nis</strong></span> <span class='ocrx_word' id='word_1_379' title='bbox 319 3912 441 3993; x_wconf 83' lang='lat' dir='ltr'><strong>regibus</strong></span> <span class='ocrx_word' id='word_1_380' title='bbox 458 3918 490 3973; x_wconf 89' lang='lat' dir='ltr'><strong>et</strong></span> <span class='ocrx_word' id='word_1_381' title='bbox 505 3910 724 3991; x_wconf 87' lang='lat' dir='ltr'><strong>rebospublicis</strong></span> <span class='ocrx_word' id='word_1_382' title='bbox 739 3910 960 3984; x_wconf 86' lang='lat' dir='ltr'><strong>venerandum,</strong></span> <span class='ocrx_word' id='word_1_383' title='bbox 974 3911 1051 3973; x_wconf 91' lang='lat' dir='ltr'><strong>haec</strong></span> <span class='ocrx_word' id='word_1_384' title='bbox 1061 3910 1187 3992; x_wconf 88' lang='lat' dir='ltr'><strong>inquam</strong></span> <span class='ocrx_word' id='word_1_385' title='bbox 1203 3906 1339 3991; x_wconf 77' lang='lat' dir='ltr'><strong>dignitas</strong></span> <span class='ocrx_word' id='word_1_386' title='bbox 1354 3931 1498 3992; x_wconf 86' lang='lat' dir='ltr'><strong>suprema</strong></span> 
     </span>
    </p>
   </div>
   <div class='ocr_carea' id='block_1_7' title="bbox 165 3998 1505 4083">
    <p class='ocr_par' dir='ltr' id='par_1_9' title="bbox 165 3998 1505 4083">
     <span class='ocr_line' id='line_1_42' title="bbox 165 3998 1505 4083; baseline -0.003 -17"><span class='ocrx_word' id='word_1_387' title='bbox 165 4034 175 4039; x_wconf 86' lang='lat'><strong>·</strong></span> <span class='ocrx_word' id='word_1_388' title='bbox 220 4020 221 4027; x_wconf 53' lang='lat'>¹</span> <span class='ocrx_word' id='word_1_389' title='bbox 255 4001 371 4083; x_wconf 85' lang='lat' dir='ltr'><strong>imperii</strong></span> <span class='ocrx_word' id='word_1_390' title='bbox 389 3998 593 4072; x_wconf 88' lang='lat' dir='ltr'><strong>cancellariis,</strong></span> <span class='ocrx_word' id='word_1_391' title='bbox 616 3999 670 4061; x_wconf 94' lang='lat' dir='ltr'><strong>sed</strong></span> <span class='ocrx_word' id='word_1_392' title='bbox 686 3998 737 4080; x_wconf 92' lang='lat' dir='ltr'><strong>qui</strong></span> <span class='ocrx_word' id='word_1_393' title='bbox 753 3999 986 4061; x_wconf 88' lang='lat' dir='ltr'><strong>clarissimarum</strong></span> <span class='ocrx_word' id='word_1_394' title='bbox 1004 4000 1212 4080; x_wconf 88' lang='lat' dir='ltr'><strong>metropoleon</strong></span> <span class='ocrx_word' id='word_1_395' title='bbox 1226 3999 1427 4079; x_wconf 84' lang='lat' dir='ltr'><strong>Mogontiae,</strong></span> <span class='ocrx_word' id='word_1_396' title='bbox 1451 3998 1505 4062; x_wconf 88' lang='lat' dir='ltr'><strong>Col</strong></span> 
     </span>
    </p>
   </div>
   <div class='ocr_carea' id='block_1_8' title="bbox 255 4087 1505 4883">
    <p class='ocr_par' dir='ltr' id='par_1_10' title="bbox 255 4087 1505 4883">
     <span class='ocr_line' id='line_1_43' title="bbox 256 4087 1494 4169; baseline -0.002 -14"><span class='ocrx_word' id='word_1_397' title='bbox 256 4090 390 4155; x_wconf 87' lang='lat' dir='ltr'><strong>Treviris</strong></span> <span class='ocrx_word' id='word_1_398' title='bbox 407 4087 640 4168; x_wconf 85' lang='lat' dir='ltr'><strong>archiepiscopi,</strong></span> <span class='ocrx_word' id='word_1_399' title='bbox 656 4089 714 4149; x_wconf 90' lang='lat' dir='ltr'><strong>hoo</strong></span> <span class='ocrx_word' id='word_1_400' title='bbox 730 4095 780 4149; x_wconf 93' lang='lat' dir='ltr'><strong>est</strong></span> <span class='ocrx_word' id='word_1_401' title='bbox 795 4089 994 4151; x_wconf 90' lang='lat' dir='ltr'><strong>ecclesiastici</strong></span> <span class='ocrx_word' id='word_1_402' title='bbox 1010 4096 1123 4162; x_wconf 87' lang='lat' dir='ltr'><strong>essent,</strong></span> <span class='ocrx_word' id='word_1_403' title='bbox 1138 4087 1287 4169; x_wconf 88' lang='lat' dir='ltr'><strong>permissa</strong></span> <span class='ocrx_word' id='word_1_404' title='bbox 1302 4087 1377 4149; x_wconf 65' lang='lat' dir='ltr'><strong>fnit.»</strong></span> <span class='ocrx_word' id='word_1_405' title='bbox 1418 4088 1494 4152; x_wconf 87' lang='lat' dir='ltr'><strong>Cum</strong></span> 
     </span>
     <span class='ocr_line' id='line_1_44' title="bbox 256 4175 1505 4258; baseline -0.003 -15"><span class='ocrx_word' id='word_1_406' title='bbox 256 4182 375 4243; x_wconf 89' lang='lat' dir='ltr'><strong>unicum</strong></span> <span class='ocrx_word' id='word_1_407' title='bbox 391 4179 617 4240; x_wconf 82' lang='lat' dir='ltr'><strong>fundamentum</strong></span> <span class='ocrx_word' id='word_1_408' title='bbox 641 4177 770 4239; x_wconf 91' lang='lat' dir='ltr'><strong>omnium</strong></span> <span class='ocrx_word' id='word_1_409' title='bbox 787 4178 887 4258; x_wconf 89' lang='lat' dir='ltr'><strong>legum</strong></span> <span class='ocrx_word' id='word_1_410' title='bbox 901 4178 1093 4258; x_wconf 86' lang='lat' dir='ltr'><strong>politicarum</strong></span> <span class='ocrx_word' id='word_1_411' title='bbox 1112 4177 1154 4238; x_wconf 90' lang='lat' dir='ltr'><strong>sit</strong></span> <span class='ocrx_word' id='word_1_412' title='bbox 1174 4176 1261 4238; x_wconf 90' lang='lat' dir='ltr'><strong>nobis</strong></span> <span class='ocrx_word' id='word_1_413' title='bbox 1285 4175 1469 4240; x_wconf 89' lang='lat' dir='ltr'><strong>Christiana</strong></span> <span class='ocrx_word' id='word_1_414' title='bbox 1490 4197 1505 4239; x_wconf 87' lang='lat' dir='ltr'><strong>n</strong></span> 
     </span>
     <span class='ocr_line' id='line_1_45' title="bbox 256 4265 1505 4352; baseline -0.004 -20"><span class='ocrx_word' id='word_1_415' title='bbox 256 4270 325 4352; x_wconf 90' lang='lat' dir='ltr'><strong>quid</strong></span> <span class='ocrx_word' id='word_1_416' title='bbox 341 4269 447 4330; x_wconf 88' lang='lat' dir='ltr'><strong>mimm</strong></span> <span class='ocrx_word' id='word_1_417' title='bbox 462 4267 553 4328; x_wconf 90' lang='lat' dir='ltr'><strong>etiam</strong></span> <span class='ocrx_word' id='word_1_418' title='bbox 570 4284 682 4328; x_wconf 89' lang='lat' dir='ltr'><strong>morem</strong></span> <span class='ocrx_word' id='word_1_419' title='bbox 698 4266 936 4328; x_wconf 87' lang='lat' dir='ltr'><strong>ecclesiasticum</strong></span> <span class='ocrx_word' id='word_1_420' title='bbox 958 4266 1136 4329; x_wconf 90' lang='lat' dir='ltr'><strong>numerandi</strong></span> <span class='ocrx_word' id='word_1_421' title='bbox 1152 4287 1171 4328; x_wconf 91' lang='lat' dir='ltr'><strong>a</strong></span> <span class='ocrx_word' id='word_1_422' title='bbox 1187 4265 1304 4329; x_wconf 90' lang='lat' dir='ltr'><strong>Christi</strong></span> <span class='ocrx_word' id='word_1_423' title='bbox 1325 4266 1505 4329; x_wconf 79' lang='lat' dir='ltr'><strong>incarnat-ior</strong></span> 
     </span>
     <span class='ocr_line' id='line_1_46' title="bbox 255 4354 1505 4439; baseline -0.004 -17"><span class='ocrx_word' id='word_1_424' title='bbox 255 4358 419 4422; x_wconf 88' lang='lat' dir='ltr'><strong>nativitate</strong></span> <span class='ocrx_word' id='word_1_425' title='bbox 434 4375 495 4417; x_wconf 90' lang='lat' dir='ltr'><strong>non</strong></span> <span class='ocrx_word' id='word_1_426' title='bbox 510 4354 664 4439; x_wconf 88' lang='lat' dir='ltr'><strong>historice,</strong></span> <span class='ocrx_word' id='word_1_427' title='bbox 687 4355 742 4416; x_wconf 92' lang='lat' dir='ltr'><strong>sed</strong></span> <span class='ocrx_word' id='word_1_428' title='bbox 757 4355 965 4435; x_wconf 90' lang='lat' dir='ltr'><strong>hypothetice,</strong></span> <span class='ocrx_word' id='word_1_429' title='bbox 986 4354 1187 4417; x_wconf 88' lang='lat' dir='ltr'><strong>astronomioe</strong></span> <span class='ocrx_word' id='word_1_430' title='bbox 1208 4354 1412 4434; x_wconf 89' lang='lat' dir='ltr'><strong>investigata,</strong></span> <span class='ocrx_word' id='word_1_431' title='bbox 1433 4355 1505 4418; x_wconf 86' lang='lat' dir='ltr'><strong>iuole</strong></span> 
     </span>
     <span class='ocr_line' id='line_1_47' title="bbox 257 4442 1505 4526; baseline -0.003 -16"><span class='ocrx_word' id='word_1_432' title='bbox 257 4449 349 4510; x_wconf 83' lang='lat' dir='ltr'><strong>etiarn</strong></span> <span class='ocrx_word' id='word_1_433' title='bbox 363 4447 395 4508; x_wconf 92' lang='lat' dir='ltr'><strong>in</strong></span> <span class='ocrx_word' id='word_1_434' title='bbox 410 4444 580 4507; x_wconf 81' lang='lat' dir='ltr'><strong>forensibus</strong></span> <span class='ocrx_word' id='word_1_435' title='bbox 600 4444 726 4525; x_wconf 90' lang='lat' dir='ltr'><strong>aliisque</strong></span> <span class='ocrx_word' id='word_1_436' title='bbox 747 4444 880 4524; x_wconf 91' lang='lat' dir='ltr'><strong>politicis</strong></span> <span class='ocrx_word' id='word_1_437' title='bbox 901 4463 954 4506; x_wconf 89' lang='lat' dir='ltr'><strong>seu</strong></span> <span class='ocrx_word' id='word_1_438' title='bbox 978 4443 1164 4506; x_wconf 87' lang='lat' dir='ltr'><strong>secularibus</strong></span> <span class='ocrx_word' id='word_1_439' title='bbox 1181 4442 1428 4508; x_wconf 89' lang='lat' dir='ltr'><strong>Christianorum</strong></span> <span class='ocrx_word' id='word_1_440' title='bbox 1451 4463 1505 4526; x_wconf 91' lang='lat' dir='ltr'><strong>neg</strong></span> 
     </span>
     <span class='ocr_line' id='line_1_48' title="bbox 256 4533 1502 4618; baseline -0.004 -18"><span class='ocrx_word' id='word_1_441' title='bbox 256 4539 361 4618; x_wconf 87' lang='lat' dir='ltr'><strong>Neque</strong></span> <span class='ocrx_word' id='word_1_442' title='bbox 376 4543 479 4597; x_wconf 89' lang='lat' dir='ltr'><strong>tamen</strong></span> <span class='ocrx_word' id='word_1_443' title='bbox 495 4551 662 4614; x_wconf 89' lang='lat' dir='ltr'><strong>quenquam</strong></span> <span class='ocrx_word' id='word_1_444' title='bbox 678 4533 754 4594; x_wconf 90' lang='lat' dir='ltr'><strong>adeo</strong></span> <span class='ocrx_word' id='word_1_445' title='bbox 769 4533 931 4614; x_wconf 80' lang='lat' dir='ltr'><strong>perfrictae</strong></span> <span class='ocrx_word' id='word_1_446' title='bbox 947 4533 1055 4595; x_wconf 82' lang='lat' dir='ltr'><strong>frontis</strong></span> <span class='ocrx_word' id='word_1_447' title='bbox 1071 4534 1203 4595; x_wconf 89' lang='lat' dir='ltr'><strong>futurum</strong></span> <span class='ocrx_word' id='word_1_448' title='bbox 1219 4550 1325 4613; x_wconf 92' lang='lat' dir='ltr'><strong>spero,</strong></span> <span class='ocrx_word' id='word_1_449' title='bbox 1353 4534 1403 4614; x_wconf 93' lang='lat' dir='ltr'><strong>qui</strong></span> <span class='ocrx_word' id='word_1_450' title='bbox 1425 4534 1502 4597; x_wconf 87' lang='lat' dir='ltr'><strong>hanc</strong></span> 
     </span>
     <span class='ocr_line' id='line_1_49' title="bbox 257 4620 1505 4704; baseline -0.002 -16"><span class='ocrx_word' id='word_1_451' title='bbox 257 4626 324 4689; x_wconf 91' lang='lat' dir='ltr'><strong>silio</strong></span> <span class='ocrx_word' id='word_1_452' title='bbox 341 4630 515 4704; x_wconf 88' lang='lat' dir='ltr'><strong>susceptam</strong></span> <span class='ocrx_word' id='word_1_453' title='bbox 529 4621 705 4684; x_wconf 89' lang='lat' dir='ltr'><strong>numerandi</strong></span> <span class='ocrx_word' id='word_1_454' title='bbox 720 4622 878 4697; x_wconf 90' lang='lat' dir='ltr'><strong>rationem,</strong></span> <span class='ocrx_word' id='word_1_455' title='bbox 895 4623 967 4686; x_wconf 89' lang='lat' dir='ltr'><strong>licet</strong></span> <span class='ocrx_word' id='word_1_456' title='bbox 983 4622 1172 4684; x_wconf 87' lang='lat' dir='ltr'><strong>deficientem</strong></span> <span class='ocrx_word' id='word_1_457' title='bbox 1187 4643 1206 4683; x_wconf 94' lang='lat' dir='ltr'><strong>a</strong></span> <span class='ocrx_word' id='word_1_458' title='bbox 1210 4620 1299 4700; x_wconf 88' lang='lat' dir='ltr'><strong>justa</strong></span> <span class='ocrx_word' id='word_1_459' title='bbox 1309 4641 1437 4697; x_wconf 89' lang='lat' dir='ltr'><strong>summa,</strong></span> <span class='ocrx_word' id='word_1_460' title='bbox 1453 4641 1505 4685; x_wconf 73' lang='lat' dir='ltr'><strong>err«</strong></span> 
     </span>
     <span class='ocr_line' id='line_1_50' title="bbox 257 4709 1490 4793; baseline -0.003 -17"><span class='ocrx_word' id='word_1_461' title='bbox 257 4715 288 4778; x_wconf 90' lang='lat' dir='ltr'><strong>in</strong></span> <span class='ocrx_word' id='word_1_462' title='bbox 303 4715 361 4776; x_wconf 88' lang='lat' dir='ltr'><strong>lide</strong></span> <span class='ocrx_word' id='word_1_463' title='bbox 376 4712 452 4774; x_wconf 86' lang='lat' dir='ltr'><strong>velit</strong></span> <span class='ocrx_word' id='word_1_464' title='bbox 474 4711 671 4792; x_wconf 88' lang='lat' dir='ltr'><strong>aequiparare</strong></span> <span class='ocrx_word' id='word_1_465' title='bbox 687 4709 931 4791; x_wconf 90' lang='lat' dir='ltr'><strong>Christianisque</strong></span> <span class='ocrx_word' id='word_1_466' title='bbox 952 4711 1099 4789; x_wconf 88' lang='lat' dir='ltr'><strong>objicere:</strong></span> <span class='ocrx_word' id='word_1_467' title='bbox 1121 4710 1374 4792; x_wconf 89' lang='lat' dir='ltr'><strong>quemadmodum</strong></span> <span class='ocrx_word' id='word_1_468' title='bbox 1396 4731 1490 4793; x_wconf 91' lang='lat' dir='ltr'><strong>neque</strong></span> 
     </span>
     <span class='ocr_line' id='line_1_51' title="bbox 255 4799 1505 4883; baseline -0.001 -23"><span class='ocrx_word' id='word_1_469' title='bbox 255 4804 370 4867; x_wconf 69' lang='lat' dir='ltr'><strong>‚laboris</strong></span> <span class='ocrx_word' id='word_1_470' title='bbox 385 4819 495 4882; x_wconf 90' lang='lat' dir='ltr'><strong>scopus</strong></span> <span class='ocrx_word' id='word_1_471' title='bbox 511 4807 567 4873; x_wconf 86' lang='lat' dir='ltr'><strong>est,</strong></span> <span class='ocrx_word' id='word_1_472' title='bbox 582 4800 766 4880; x_wconf 87' lang='lat' dir='ltr'><strong>persuadere</strong></span> <span class='ocrx_word' id='word_1_473' title='bbox 783 4799 1025 4865; x_wconf 87' lang='lat' dir='ltr'><strong>Christianorum</strong></span> <span class='ocrx_word' id='word_1_474' title='bbox 1041 4800 1115 4875; x_wconf 91' lang='lat' dir='ltr'><strong>orbi,</strong></span> <span class='ocrx_word' id='word_1_475' title='bbox 1130 4809 1165 4862; x_wconf 88' lang='lat' dir='ltr'><strong>ut</strong></span> <span class='ocrx_word' id='word_1_476' title='bbox 1181 4817 1285 4862; x_wconf 87' lang='lat' dir='ltr'><strong>aeram</strong></span> <span class='ocrx_word' id='word_1_477' title='bbox 1300 4800 1454 4883; x_wconf 87' lang='lat' dir='ltr'><strong>hucusque</strong></span> <span class='ocrx_word' id='word_1_478' title='bbox 1468 4818 1505 4881; x_wconf 78' lang='lat' dir='ltr'><strong>per</strong></span> 
     </span>
    </p>
   </div>
   <div class='ocr_carea' id='block_1_9' title="bbox 0 0 1560 5474">
    <p class='ocr_par' dir='ltr' id='par_1_11' title="bbox 0 0 1560 5474">
     <span class='ocr_line' id='line_1_52' title="bbox 0 0 1560 5474; baseline 0 0"><span class='ocrx_word' id='word_1_479' title='bbox 0 0 1560 5474; x_wconf 95' lang='lat' dir='ltr'><strong> </strong></span> 
     </span>
    </p>
   </div>
  </div>
 </body>
</html>
