3150 5482
396 297 400 306 ,
482 245 659 298 stereometria
681 242 747 292 Delii
766 242 900 289 austriaci.

22 428 112 488 secet
139 422 293 489 cuculum
313 424 346 489 in
371 424 414 501 E,
448 444 585 493 conneor

22 519 203 594 tanturque
215 514 379 595 pnnutaE,
393 516 430 592 Α;
444 511 581 593 cylinoer

22 621 103 683 ergo
132 601 212 666 ΟΕΑ
238 604 341 667 minor
355 608 411 666 'est
441 602 581 685 cylindro
674 624 679 629 ·
713 620 718 635 ·

24 690 110 756 ΟΟΑ
121 709 179 772 per
194 689 242 753 th.
257 689 294 754 V.
318 691 357 755 Εἰ
369 711 444 754 vero
457 710 580 773 aeque-

23 777 114 843 altus
149 783 198 842 est
221 785 363 843 rtruncus
401 779 509 845 cmv
544 799 583 843 ex
702 778 704 783 ’

24 867 279 946 constructione,
319 869 397 952 quia
426 868 503 947 EA,
526 867 608 955 ΤΗΙ
663 868 667 877 ’

24 956 186 1038 aequales.
243 955 348 1041 Major
391 963 439 1021 est
465 954 583 1040 'igitur

25 1053 159 1109 truncus
190 1044 334 1127 cylindro
358 1046 439 1128 ΟΕΑ
466 1035 585 1111 triente
635 1088 638 1093 -

26 1132 182 1215 quadrati
217 1133 257 1197 de
291 1133 360 1212 AR,
405 1156 464 1220 per
485 1134 584 1222 .XIll.

25 1222 249 1304 praemissam.
295 1222 499 1289 Probandum
528 1231 583 1302 est,
620 1302 623 1311 Ι

26 1311 268 1393 proportionem
290 1312 347 1376 Gn
374 1313 416 1377 ad
438 1315 582 1383 AEma·

22 1402 220 1489 jorem-'esse
235 1420 332 1482 quam
344 1404 584 1485 proportionem

27 1488 183 1570 quadrati
199 1489 253 1552 ΟΕ
275 1510 348 1555 curn
366 1491 484 1555 triente
508 1507 593 1576 qua·¹
754 1537 781 1574 ,t

27 1575 117 1640 droti
129 1578 186 1641 AR
201 1577 250 1642 vel
262 1579 315 1644 ΕΤ
330 1580 372 1645 ad
387 1580 585 1663 quadratum
716 1603 726 1632 >
743 1576 756 1619 ⁴‘

27 1661 622 1753 OG3sicut1oyliuderCEApluss
808 1705 812 1714 ·
871 1668 875 1678 “

26 1752 175 1819 amiserit
204 1774 262 1839 per
284 1755 497 1823 humilitatem
520 1759 586 1838 EA,

28 1863 129 1926 quam
144 1843 287 1909 lucratus
304 1851 352 1911 est
368 1868 424 1930 per
440 1850 587 1919 trientem

27 1931 184 2014 quadrati
206 1932 270 1996 ET.
313 1935 454 2000 Primum
476 1939 587 2023 itaque
615 1984 618 1990 «
658 1931 666 1944 ”
694 1950 697 1955 “

28 2020 229 2113 quadratum
251 2021 306 2089 ΤΒ
334 2024 587 2093 vellamine

27 2120 79 2174 est
94 2109 254 2191 quadrato
269 2110 322 2175 ΤΑ
341 2113 410 2197 ipso
426 2115 586 2197 quadrato

28 2205 101 2263 toto
123 2200 192 2264 AR.
238 2198 300 2265 Sed
322 2204 570 2294 et-quadratum
592 2210 645 2275 ΟΕ
668 2207 772 2271 minus
804 2211 853 2292 est
871 2204 1042 2294 ,quadrato
1066 2204 1119 2270 ΟΕ
1142 2223 1213 2270 uum
1234 2201 1352 2268 triente

30 2286 184 2370 quadrati
215 2290 273 2354 AR
311 2291 379 2372 ipso
405 2292 466 2358 hoo
495 2297 611 2362 triente
639 2296 789 2380 quadrati
812 2295 879 2360 AB.
925 2292 1146 2360 Differentiam
1167 2292 1266 2375 igitur
1286 2289 1353 2355 illic

30 2377 119 2441 inter
140 2378 291 2442 terminos
313 2380 391 2445 facit
413 2382 522 2465 aliqua
543 2388 721 2468 quantitas,
746 2405 829 2467 quae
851 2388 898 2447 est
920 2382 1017 2466 tripla
1045 2383 1244 2465 quantitatis,
1267 2400 1352 2463 quae

31 2466 85 2531 hie
109 2466 407 2534 terminosdlfferre
421 2470 524 2541 facit·
539 2474 676 2540 Et'suut
698 2480 867 2557 praeterea
888 2470 922 2535 hi
938 2471 1064 2536 termini
1087 2473 1225 2554 maj0res
1249 2468 1353 2552 duplis

32 2553 166 2639 illorum
194 2555 410 2622 terminorum.
456 2560 633 2638 Nemeum
664 2561 860 2646 quadratum
884 2560 938 2626 OG
966 2559 1008 2625 sit
1038 2558 1171 2643 duplum
1201 2557 1353 2640 quadrati

33 2642 110 2720 AG,
143 2640 196 2706 hie
225 2645 418 2726 quadratum
441 2648 493 2715 ΟΕ
523 2655 640 2736 majus*
659 2658 708 2714 est
738 2649 899 2733 quadrato
922 2647 993 2726 OG,
1026 2653 1059 2712 et
1081 2646 1275 2731 quadratum
1296 2645 1353 2710 ΑΕ

35 2733 144 2798 minus
171 2731 332 2815 quadrato
354 2735 421 2801 Gn.
455 2739 547 2805 'Cum
575 2743 681 2806 autom
707 2741 791 2803 iuter
819 2738 955 2820 aliquos¹
971 2736 1139 2813 terminos,
1163 2742 1199 2799 ut
1213 2737 1274 2813 125,
1299 2737 1351 2813 26,

35 2818 251 2886 differentiam
272 2820 348 2911 fauit
370 2824 480 2909 aliqua
503 2828 681 2911 quantitas,
705 2834 742 2891 'ut
768 2828 978 2911 l„ejus*rer'o
1001 2825 1187 2907 quantitatis
1210 2822 1353 2916 triplum,¹

35 2915 77 2974 ut
104 2912 142 2988 3,
173 2908 379 2976 differentiam
409 2914 485 2980 facit
514 2917 599 2981 inter
627 2918 777 2982 terminos
801 2914 950 2994 'minores
979 2913 1132 2993 dimidiis,
1162 2911 1212 2975 vel
1226 2911 1355 3002 :saltem

36 2998 249 3083 posteriorem
270 3002 453 3082 posterioris
477 3005 653 3085 dimidium,
675 3011 714 3069 ut
735 3007 818 3068 inter
843 3008 893 3081 10,
920 3007 969 3079 13,
991 3002 1168 3089 ,proportio
1197 3001 1354 3089 minorum

36 3087 249 3152 terminorum
271 3095 320 3152 est
341 3093 443 3176 major
466 3095 611 3177 sextuplo
634 3093 846 3177 proportionis
869 3094 1043 3175 majorum3
1068 3096 1105 3155 ut
1124 3094 1161 3154 10
1186 3089 1227 3154 ad
1250 3086 1355 3153 lovel

38 3181 84 3240 20
107 3174 150 3245 ad
174 3178 214 3240 26
237 3180 474 3259 proportionem
496 3182 593 3248 habet
619 3186 781 3267 majorem,
812 3201 909 3264 quam
932 3178 1115 3261 ⁴sextuplam
1142 3176 1355 3262 proportionis

38 3270 82 3331 25
107 3263 150 3329 ad
174 3267 232 3328 26:
256 3272 288 3328 et
311 3267 413 3332 multo
435 3276 650 3357 essetmajor,
676 3273 701 3335 si
717 3272 813 3334 etiam
836 3269 992 3352 posterior
1015 3268 1170 3349 terminus
1189 3272 1228 3331 13
1252 3265 1356 3341 minor

38 3355 154 3442 luisset
177 3352 304 3419 dimidio
326 3360 512 3438 posterioris
536 3366 587 3433 26.
634 3361 784 3442 Manente
808 3359 890 3423 enim
916 3356 1042 3439 aequali
1070 3353 1262 3432 differentia,
1292 3373 1376 3436 quo¹

37 3444 178 3508 minores
200 3440 280 3507 fiunt
301 3447 437 3529 termini,
461 3449 521 3514 hoo
536 3451 636 3531 magis
659 3455 793 3529 augetur
816 3447 989 3530 proportio.
1025 3446 1173 3528 Est-ergo
1192 3442 1357 3529 proportio
1376 3513 1379 3521 Ι

39 3530 195 3615 quadrati
227 3532 281 3597 TA
304 3535 345 3598 ad
359 3578 362 3589 ι
376 3537 569 3618 quadratum
592 3538 647 3602 ΤΕ
673 3535 723 3601 vel
752 3536 807 3600 ΕΑ
833 3539 936 3618 major
966 3533 1113 3616 sextupla
1143 3531 1356 3617 proportionis

39 3619 275 3704 quadratorum
298 3623 351 3687 OE
373 3630 404 3688 et
426 3627 550 3699 trientis
577 3628 617 3692 de
639 3625 695 3689 AR
723 3624 764 3688 ad
794 3623 855 3688 ΟΕ.
901 3623 1050 3704 Ipsarum
1077 3621 1173 3705 igitur
1199 3621 1358 3707 lipearum

39 3710 99 3777 'm
129 3711 172 3775 ad
202 3710 258 3777 ΤΕ
287 3712 337 3777 vel
367 3713 422 3778 ΕΑ
453 3712 616 3799 proportio
647 3721 694 3779 est
720 3715 834 3796 major·
850 3710 948 3795 tripla
979 3709 1212 3793 quadratorum
1242 3707 1295 3773 ΟΕ
1325 3712 1359 3771 et

38 3801 171 3865 trientis
194 3800 312 3865 def'AR
334 3804 386 3868 ad¹
401 3804 598 3884 quadratum
620 3803 682 3871 ΟΕ.
804 3799 807 3805 ’
867 3811 869 3815 ’
922 3803 925 3811 ’
1167 3861 1170 3868 .
1202 3849 1203 3853 ,
1347 3800 1350 3807 ’

107 3942 110 3953 .
133 3887 252 3954 Eodem
265 3925 268 3927 Δ
283 3892 376 3958 modo
408 3892 690 3959 demonstrabimus
721 3890 830 3968 etiam,
854 3886 1050 3971 quadratum
1072 3884 1112 3952 de
1135 3883 1188 3951 ΟΕ
1210 3884 1253 3950 ad
1275 3903 1355 3966 qua·

40 3979 173 4044 dratum
201 3978 256 4044 CG
285 3974 437 4045 minorem
467 3980 585 4046 habere
615 3980 867 4063 proportionem,
898 3996 996 4060 quam
1013 3980 1140 4039 necas
1154 3973 1212 4039 ol
1228 3973 1270 4038 ad
1292 3972 1357 4037 AT.

39 4069 129 4133 Nam
159 4067 354 4148 quadratum
381 4068 435 4135 CG
466 4076 515 4132 est
544 4068 680 4151 aequale
710 4066 895 4148 reetaugnlo
925 4063 1023 4142 BVD,
1052 4063 1152 4128 divisa
1181 4059 1237 4127 BA
1264 4061 1296 4127 in
1318 4062 1356 4138 D,

40 4161 80 4222 ut
111 4156 152 4219 sit
167 4158 239 4233 ‚An
269 4151 429 4223 dimidium
459 4158 559 4242 ipsius
590 4159 663 4235 DB,
696 4156 779 4222 sient
808 4154 1005 4237 quadratum
1033 4151 1090 4217 AG
1122 4150 1287 4236 dimidium
1310 4154 1359 4212 est

41 4245 142 4327 ipsius
165 4244 231 4324 GC,
254 4240 310 4328 per
333 4246 380 4312 th'.
396 4245 465 4312 v11.
487 4245 589 4331 hujus.
628 4245 701 4315 Sed
715 4245 768 4310 ΟΕ
791 4250 839 4308 est
860 4243 997 4307 medium
1018 4239 1253 4316 arithmeticum
1275 4240 1359 4302 inter

42 4334 102 4399 VB
126 4332 244 4413 avr,
269 4335 394 4418 per'th.
418 4335 487 4402 llll:
511 4334 614 4418 hujus.
660 4335 744 4414 Ergo
768 4332 957 4415 quadratum
981 4330 1033 4394 ΟΕ
1049 4335 1166 4413 aequat
1188 4336 1357 4408 rectangu·

37 4420 131 4487 ·BVA
153 4422 253 4487 aum
276 4426 308 4488 et
332 4424 462 4506 insuper
483 4423 678 4506 quadratum
701 4421 764 4498 AR,
789 4421 938 4492 dimidiae
960 4420 1059 4501 ipsius
1080 4417 1151 4483 AB:
1176 4418 1203 4481 si
1224 4437 1302 4498 ergo
1317 4413 1359 4479 ad

43 4507 175 4577 Bit-vel
198 4510 249 4575 ΟΤ
272 4511 440 4597 adjiciatur
461 4512 794 4594 parallelogrammum
816 4509 950 4592 aequale
966 4507 1123 4591 quadrato
1139 4503 1204 4583 AR,
1229 4503 1362 4587 accedet

45 4599 90 4664 ad
123 4598 179 4664 ΕΑ
201 4598 339 4666 latitudo
362 4601 656 4685 parallelogrammi,
681 4620 766 4683 quae
786 4600 830 4662 sit
849 4596 916 4661 ΑΗ.
962 4595 1163 4672 Quadratum
1185 4594 1284 4677 igitur
1307 4591 1368 4664 ΟΕ·

44 4687 184 4771 aequule
212 4689 273 4753 erit
301 4690 490 4772 rectangnlo'
517 4686 632 4756 BVH.'
666 4686 728 4755 Sed
756 4691 802 4751 et
820 4687 1013 4769 quadratum
1032 4685 1098 4769 ΟΟ
1127 4687 1200 4746 ‘erat
1227 4682 1359 4771 aequale

44 4775 235 4861 rectiangulo
258 4777 355 4860 BVD,
391 4799 466 4864 ergo
489 4784 527 4844 ut
553 4777 612 4844 HV
634 4777 677 4844 ad
700 4777 765 4859 VD,
790 4776 836 4842 sio
861 4774 1054 4860 quadratum
1077 4771 1130 4837 ΕΟ
1153 4771 1195 4837 ad
1218 4771 1358 4856 quadra·

855 4901 856 4907 ,
1100 4877 1150 4930 402
