3194 5482
204 256 226 325 6
304 264 318 349 J
803 238 970 326 noemm'
1054 284 1057 291 ‚

203 417 322 484 lecticis
338 419 456 484 artibus
470 418 601 483 munitas
615 416 728 501 publici
746 416 825 498 jnris
840 417 914 480 lecit
934 416 1026 499 opere
1046 415 1206 498 inscripto:
1228 416 1359 482 Romani
1374 415 1547 483 calendarii

205 517 225 572 a
247 506 396 589 Gregorio
417 510 504 574 XIII.
526 508 662 571 restituti
685 506 864 588 explicatio,
887 505 919 569 S.
938 508 977 570 D.
993 508 1031 570 N.
1054 506 1222 571 clementis
1243 506 1327 570 VIIL
1344 507 1435 591 jussu
1456 506 1546 571 edita

203 598 330 673 Romae,
348 598 440 662 1603.
472 593 622 679 (Operum
638 595 737 661 clanii
752 596 1044 670 mathematicorum,
1060 595 1188 678 quinque
1203 597 1547 671 tomisdistributerum,

203 687 380 768 Mogontiae
403 685 502 762 1612,
524 694 595 749 tom.
610 674 666 767 V.)
713 684 830 748 Contra
844 684 1041 748 Maestlinum
1057 684 1181 748 clavins
1195 684 1227 747 15
1249 685 1344 748 55155
1364 704 1546 767 progressus

204 783 254 840 est
262 777 330 857 jam
345 795 423 838 anne
442 774 527 839 1588
548 775 625 838 libro
640 775 802 856 inscripto:
826 766 906 837 Nov'i
923 773 1098 839 calendarii
1113 773 1243 836 Romani
1258 774 1411 856 Apologia
1427 769 1444 855 (
1495 794 1547 837 era

203 866 300 929 Math.
315 859 481 945 15517),
505 871 632 939 „contra
645 863 850 938 Maestlinum,
865 863 1016 926 hominem
1031 862 1218 925 haereticum
1234 871 1325 944 atque
1339 864 1487 946 ignotum,
1505 882 1546 926 ax
1576 898 1580 905 ·

207 953 388 1017 Germaniae
405 954 534 1035 quodam
550 953 659 1034 angulo
677 949 858 1034 coeppiuga
888 1000 894 1013 .
919 998 926 1013 .
949 998 956 1013 .
990 958 1117 1032 propter
1138 951 1356 1032 obscuritatem
1378 951 1546 1017 adversarii

203 1043 245 1107 nil
261 1042 380 1123 quidem
394 1042 635 1125 respondendum
652 1047 735 1104 55551
758 1088 765 1103 .
788 1088 795 1102 .
819 1087 826 1102 .
851 1042 905 1103 555
920 1040 1127 1115 meminerint,
1149 1043 1272 1104 tantam
1283 1043 1430 1106 haeretiei
1445 1042 1545 1105 homi·

203 1132 251 1194 uis
267 1130 424 1194 audaciam
439 1131 611 1213 pontificiae
633 1131 789 1211 majestati
804 1130 1041 1192 insolentissime
1063 1130 1261 1193 insultantem
1283 1132 1393 1194 leniter
1413 1132 1546 1194 clemen·

88 1265 90 1273 .
204 1229 309 1302 155555
326 1220 532 1302 accipiendam
552 1240 612 1282 nou
627 1220 789 1282 fuissetne.
836 1218 892 1282 cni
912 1218 1073 1301 apologiae
1093 1220 1231 1282 annectit
1247 1219 1371 1284 clarius
1391 1220 1546 1283 defensio-

204 1328 273 1372 nem
288 1310 499 1393 Possevini,
522 1309 651 1372 celebris
663 1309 744 1372 illins
759 1308 913 1382 Jesuitae,
936 1315 1146 1390 5551555555
1161 1310 1343 1373 Μ555111555
1365 1329 1444 1372 anno
1463 1307 1547 1374 1588

203 1397 315 1479 publici
327 1398 404 1479 juris
421 1400 550 1462 fecerat:
573 1397 929 1462 11515551555551155155
953 1397 998 1459 sni
1021 1396 1168 1459 examinis
1184 1397 1330 1460 adversus
1345 1399 1419 1462 Aut
1429 1400 1546 1467 Posse-

203 1486 265 1553 viui
280 1487 486 1569 ineptissimas
509 1488 659 1551 elusiones
676 1489 728 1550 tie.
773 1488 949 1560 luterens,
972 1485 1167 1568 qai·praeter
1181 1486 1320 1551 clavium
1342 1487 1547 1550 defensionem

204 1573 377 1640 calendarii
393 1577 523 1640 Romani
538 1584 746 1658 susceperunt,
761 1575 958 1649 nominamus,
975 1590 1063 1656 quent
1079 1594 1171 1658 supra
1185 1576 1322 1651 diximus,
1337 1577 1547 1640 Paduauum

205 1659 268 1744 (De
289 1673 460 1748 temporum
480 1665 703 1748 computatione
724 1674 758 1728 et
777 1664 939 1740 divisione,
962 1658 1078 1744 1586),
1099 1665 1121 1726 J
1127 1684 1153 1726 5.
1169 1665 1369 1733 Rasehium
1391 1660 1463 1745 (555
1483 1685 1547 1728 555

204 1753 365 1818 calendar.
395 1755 557 1830 Miinoben,
575 1751 684 1836 1586),
698 1756 750 1818 Jo.
764 1755 945 1818 Busaeum
961 1749 1065 1835 (quem
1078 1754 1261 1817 Maestliuas
1276 1749 1415 1837 5515151),
1430 1756 1546 1834 Fran-

205 1841 340 1905 ciscum
354 1844 518 1919 Vietam,
540 1845 589 1926 551
606 1842 779 1908 calendarii
795 1842 1040 1906 reformationem
1061 1843 1265 1906 necessariam
1285 1861 1353 1906 esse
1368 1862 1546 1926 persuasum

146 1984 148 1987 .
203 1931 326 2007 babuit,
351 1934 407 1995 sed
430 1932 731 2013 (155555155555555
753 1933 843 2014 plane
866 1931 1009 2013 probavit
1033 1926 1171 2013 (Relatio
1187 1931 1361 1996 calendarii
1375 1953 1447 1998 5555
1463 1933 1544 1998 Gre-

203 2021 335 2102 goriani,
357 2015 473 2103 1600),
494 2023 630 2102 Ρ55155
646 2020 829 2085 (15151555
852 2012 1025 2102 (Relntatio
1046 2021 1164 2084 elenchi
1185 2021 1251 2086 Cal.
1277 2022 1414 2103 Mogunt
1437 2018 1547 2105 1616),

203 2111 287 2173 Adr.
309 2111 494 2174 Romanus
517 2106 664 2192 (Theoria
686 2109 932 2173 calendariomm
961 2106 1222 2192 Wiraeb.1594).
1251 2113 1319 2174 Η55
1334 2110 1545 2177 contentiones

204 2200 241 2261 de
250 2198 431 2263 calendario
447 2200 617 2263 instaurato
632 2201 823 2281 perlongum
838 2199 983 2280 temporis
994 2200 1125 2280 spatium
1134 2201 1348 2280 procedebant.
1377 2201 1546 2270 Lutherani

205 2306 269 2350 rem
284 2309 303 2350 a
318 2289 465 2351 Pontifice
480 2289 663 2365 inchoatam,
683 2289 759 2371 ipsis
774 2288 878 2351 insciis
895 2289 1092 2350 constitutam
1108 2289 1245 2370 accipere
1261 2289 1414 2365 nolebant,
1433 2291 1545 2372 partim

204 2377 274 2458 5515
296 2396 355 2440 555
378 2397 483 2442 omnes
505 2396 623 2442 errores
646 2378 780 2440 55115155
801 2379 956 2452 51555551,
978 2377 1010 2439 15
1033 2378 1111 2459 5555
1134 2386 1274 2442 auctores
1291 2378 1466 2444 calendarii
1486 2379 1546 2461 ipsi

203 2485 264 2528 nou
286 2467 441 2548 negabant
462 2474 496 2553 et
516 2468 604 2530 nimis
626 2468 802 2548 impeditam
824 2485 893 2528 esse
915 2467 1168 2530 restaurationem
1189 2486 1276 2530 nemo
1298 2474 1404 2550 posset
1425 2487 1547 2549 negare,

204 2554 332 2636 partim,
354 2575 392 2618 ne
407 2558 512 2640 Papae
528 2557 712 2620 auctoritate
736 2575 882 2619 concessa
904 2555 1037 2636 ipsomm
1059 2556 1188 2619 ecclesia
1210 2557 1384 2620 detrimenti
1405 2558 1546 2640 551555-

204 2650 300 2726 peret.
329 2668 335 2680 ·
851 2716 852 2719 ,
1063 2681 1065 2685 ,
1194 2664 1195 2667 ¹

293 2733 426 2798 Constat
441 2734 653 2799 calendarium
670 2734 891 2815 Gregorianum
911 2733 1038 2816 primum
1058 2755 1078 2796 5
1098 2735 1257 2812 catholicis
1278 2742 1397 2799 tautum
1413 2735 1549 2800 civitati·

206 2823 264 2885 bus
279 2831 433 2905 receptum
449 2843 534 2900 5555,
557 2823 739 2888 Germaniae
763 2831 865 2887 autem
888 2824 1046 2898 civitates,
1066 2825 1280 2904 Augustanam
1302 2825 1460 2888 formulam
1482 2845 1549 2889 am·

205 2904 327 2992 plexas',
350 2912 548 2992 illud,motas
562 2913 665 2976 multis
682 2903 911 2976 difficultatibus
928 2912 1038 2994 duplici
1055 2920 1222 2994 temporum
1243 2914 1468 2995 computatione
1493 2933 1549 2976 ex-

205 3001 296 3075 ortia,
321 3021 399 3063 anno
423 3003 540 3065 demum
567 2998 651 3066 1700
675 3003 842 3083 recepisse,
872 3002 938 3064 hoo
953 3009 1072 3064 tantum
1090 3002 1265 3077 immutato,
1297 3009 1332 3066 ut
1350 3003 1551 3084 'plenilunium

207 3090 353 3170 paschale
377 3110 415 3153 ex
429 3091 554 3173 Kepleri
577 3092 689 3154 tabulis
711 3091 912 3173 Rudolphinis
935 3091 1137 3154 astronomiae
1153 3098 1387 3172 computaretur.
1431 3092 1550 3155 Eodem

205 3198 283 3241 anuo
299 3179 330 3242 iu
346 3179 429 3242 illam
445 3181 629 3243 sententiam
649 3180 750 3242 ierunt
768 3181 902 3260 Belgae,
922 3181 1019 3255 Dani,
1041 3199 1120 3242 anno
1139 3175 1219 3243 1701
1231 3192 1234 3195 ’
1245 3181 1316 3262 pagi
1339 3181 1550 3245 Helvetiorum

208 3269 372 3343 reformati,
389 3289 467 3331 anuo
486 3265 570 3333 1752
584 3269 687 3349 Angli,
704 3289 781 3332 anno
800 3264 884 3332 1753
900 3269 999 3332 Sueci.
1565 3264 1566 3267 ’

272 3373 412 3439 Keplerum
431 3389 507 3441 supra
524 3377 629 3427 diximus
647 3377 685 3426 his
704 3376 900 3426 contentionibus
920 3389 947 3426 se
958 3390 1007 3426 non
1019 3375 1187 3428 1551555155.
1225 3373 1252 3427 Sl
1264 3375 1370 3441 Kepleri
1382 3375 1550 3430 conditionem

204 3443 329 3509 15815515
341 3453 367 3498 51
378 3445 508 3506 Bohamia,
520 3448 625 3513 5551155
636 3448 662 3496 15
673 3447 844 3497 Archidacatu
855 3445 975 3498 15515155
986 3447 1159 3511 perpendimus
1175 3454 1202 3499 et
1217 3448 1318 3500 555155
1334 3462 1420 3499 eorum
1432 3451 1547 3515 inspexe-

204 3518 296 3576 timus,
317 3519 359 3583 qui
371 3525 459 3570 555155
469 3532 559 3570 nouum
571 3519 739 3569 calendarium
751 3521 915 3583 scripserunt,
934 3531 1012 3568 cansa
1027 3518 1120 3570 silentii
1130 3519 1235 3584 Kepleri
1252 3532 1269 3569 a
1280 3520 1350 3571 nobis
1366 3519 1448 3573 aihta
1458 3521 1548 3585 prota-

206 3589 281 3642 bitur.
317 3587 358 3640 Na
369 3591 396 3641 in
406 3589 529 3642 Hauschii
540 3591 639 3656 quidem
650 3589 811 3654 epistolarum
823 3590 966 3641 collectione
978 3589 1060 3640 multa
1072 3590 1103 3641 de
1116 3591 1164 3643 hac
1175 3592 1202 3642 re
1215 3590 1428 3656 deprehendimus.
1452 3592 1550 3644 Macat-

208 3661 273 3712 liuua
291 3660 317 3711 in
330 3661 436 3725 epistola
452 3662 485 3712 ad
496 3661 647 3727 Keplernm,
664 3674 740 3725 quam
757 3660 813 3711 Vol.
827 3660 846 3711 1.
859 3677 883 3726 p.
897 3661 933 3713 30
952 3663 1128 3726 excerpsimus,
1147 3663 1271 3727 queritur,
1290 3664 1355 3728 quod
1366 3662 1551 3727 'occupationes

208 3733 233 3783 iu
243 3732 324 3797 ipsum
336 3731 368 3781 ob
381 3733 514 3783 aditionem
525 3731 652 3784 Prodrnmi
664 3733 799 3784 curandam
812 3734 957 3800 cumulatae
971 3732 1146 3798 impedimento
1161 3734 1254 3784 fuerint
1272 3734 1415 3785 absolvendi
1430 3737 1550 3799 amiptnm

207 3807 296 3855 555155
306 3816 395 3854 uotum
409 3803 591 3855 calendarium.
616 3803 736 3855 Ultimum
747 3806 773 3854 in
784 3804 832 3856 hac
843 3819 872 3857 re
883 3805 1012 3856 1155511151
1023 3806 1141 3870 55515155
1152 3818 1227 3869 supra
1238 3806 1343 3856 51515555
1356 3804 1551 3866 ,Delsmionam

209 3873 332 3926 1155555
346 3873 440 3925 1588“.
466 3874 577 3935 ,clarius
594 3891 638 3940 pro
649 3874 782 3927 Passerino
800 3889 854 3928 rem
873 3878 928 3942 agit
946 3878 1066 3927 55555155
1086 3881 1113 3927 51
1129 3877 1156 3928 15
1167 3877 1329 3928 ldaeatlinuru
1347 3878 1500 3944 gravissimis
1511 3880 1549 3930 iu·

207 3947 306 3999 vehitur
317 3947 440 4006 55551515,
452 3948 497 3998 555
509 3954 630 4014 qnantum
640 3947 710 3999 uobis
722 3953 820 3999 constat
828 3962 892 4000 anno
905 3949 1004 4000 demum
1017 3947 1098 4005 16055
1117 3949 1183 3999 unde
1192 3948 1327 4013 1155511155
1339 3951 1419 4000 minus
1430 3951 1550 4001 refutatio

118 4026 121 4031 ⁴
207 4017 374 4083 (1155115555
386 4018 559 4084 recapitulatio
572 4034 668 4078 eorum,
688 4033 754 4085 qnae
765 4021 833 4085 prius
845 4026 933 4070 contra
946 4018 1122 4071 Calendarium
1137 4035 1227 4072 nouum
1240 4020 1349 4078 dixerat,
1369 4032 1386 4070 a
1397 4028 1486 4071 acuatu
1498 4021 1548 4072 ’15-

209 4089 323 4154 bingcnai
334 4089 456 4139 mandata
473 4089 549 4141 luisse
568 4091 674 4141 videtur.
711 4089 827 4142 Ceterum
844 4092 891 4143 boe
903 4091 1020 4155 scriptmn
1035 4093 1121 4144 nonin
1132 4092 1213 4142 lucem
1224 4092 1343 4156 prodiisse
1355 4091 1465 4152 5155155,
1485 4094 1550 4143 torte

207 4158 238 4209 ob
249 4159 295 4210 baa
306 4159 411 4224 Kepleri
422 4161 523 4220 1115555,
539 4176 603 4228 quaa
613 4161 746 4215 1155511155
757 4162 828 4214 dedit
839 4162 987 4228 respondens
999 4163 1032 4214 ad
1045 4176 1084 4221 aa,
1098 4163 1217 4226 quasilla
1234 4158 1291 4227 (1,,
1301 4162 1393 4214 Martio
1406 4157 1486 4226 16117)
1503 4166 1556 4230 1551ι

205 4232 394 4297 persnripserat:
465 4292 471 4303 ¹

294 4319 384 4383 Haud
400 4341 506 4403 parum
527 4341 626 4386 meam
647 4323 848 4387 festivitatem
869 4323 1056 4390 interturbat
1076 4342 1210 4397 remora,
1232 4342 1322 4407 quam
1343 4342 1428 4387 meus
1442 4330 1550 4406 partus

159 4435 162 4447 ·
208 4402 316 4492 (llyst
329 4407 634 4494 cosmographioum)
650 4419 702 4476 tuo
719 4415 833 4494 scripto
850 4413 970 4494 objecit,
986 4414 1130 4495 simulque
1150 4413 1247 4477 totius
1260 4414 1401 4495 Europae
1417 4433 1548 4496 exspec-

208 4499 356 4563 tationem
384 4501 421 4563 de
443 4502 496 4565 iilo
520 4502 631 4568 diutim
654 4502 820 4587 suspendit
863 4503 907 4565 Et
928 4504 1047 4585 quaudo
1070 4502 1190 4585 quidem
1211 4503 1243 4565 in
1264 4503 1344 4567 hauc
1364 4504 1550 4569 mentionem

208 4589 314 4665 155151,
335 4599 511 4673 quassate,
532 4593 719 4673 Praeceptor
734 4592 963 4667 amantissime,
978 4612 1034 4674 per
1053 4611 1123 4655 mea
1143 4600 1177 4656 et
1195 4599 1249 4655 tna
1268 4592 1396 4675 quinque
1412 4613 1550 4676 corpora,

210 4699 247 4745 ne
263 4699 354 4762 aegre
378 4682 458 4745 ieras
474 4682 611 4764 cogitata
632 4699 701 4744 mea
722 4684 760 4746 de
776 4681 958 4748 calendario
981 4682 1037 4746 tibi
1060 4682 1269 4764 explicantem
1306 4682 1551 4767 Noviaquidem,

210 4789 286 4854 quae
308 4779 343 4850 15
357 4771 520 4854 suscepisti
534 4771 739 4852 defendenda,
761 4772 908 4864 ejusmodi
929 4773 1051 4839 155515
1072 4790 1142 4836 esse
1163 4770 1366 4854 argumentis,
1387 4791 1466 4856 quae
1488 4794 1550 4841 non
