3112 5474
232 243 298 312 326.
413 205 414 209 ¹
496 281 502 308 .
739 258 1143 329 neumnensium*

229 407 350 472 Juliano
366 405 419 469 34.
426 404 564 469 Tiberius
573 402 689 487 jussos
694 409 752 479 est,
765 403 928 486 repudiata
935 403 1093 487 Agrippae
1106 403 1171 468 fllia
1183 423 1223 468 ex
1236 404 1301 469 alia
1315 405 1454 487 conjuge,
1467 406 1533 470 dnos

229 497 340 560 Juliam
361 494 521 575 Agrippae
539 493 678 559 relictam
698 493 828 556 viduam.
866 493 913 557 At
934 494 1012 557 filios
1034 494 1099 574 ejus
1122 491 1231 574 GaJ'um
1251 501 1286 558 et
1299 493 1445 572 Lucium,
1464 496 1533 559 'libo

230 586 394 668 privignos,
410 581 526 647 Caesar
542 581 731 663 adoptavit
723 601 754 644 m
775 600 884 645 nomen
900 581 1075 657 Caesarum.
1119 583 1263 648 Vestitus
1283 603 1448 665 puerorum
1460 584 1533 647 Rom

231 693 336 742 nomm
352 679 419 735 erat
433 677 604 751 praetexta,
619 689 678 753 qua
692 671 851 752 completis
868 672 908 734 14
925 672 1038 735 aetatis
1054 667 1142 736 ιιιιιιιι
1158 672 1205 735 die
1220 671 1319 736 natali
1334 674 1450 754 posita,
1462 674 1533 736 virile

231 772 336 845 togam
356 761 531 834 sumebant,
554 760 639 840 cujus
660 759 753 823 moris
775 759 877 823 simile
893 761 1046 864 quippiam
1067 761 1183 826 habent
1204 759 1372 837 Germani,
1400 781 1466 825 cum
1486 782 1533 825 am

231 853 393 931 accingunt
415 849 657 912 adolescentulos
687 857 720 911 et
741 868 808 911 cum
830 850 861 923 ιιι
882 850 1050 930 principum
1080 849 1158 913 aulis
1182 850 1313 932 aliquem
1339 871 1357 912 e
1383 851 1533 914 contubem

230 940 373 1003 nobilium
387 956 545 1018 puerorum
561 937 726 999 eliminant.
761 939 827 1000 Hos
852 938 955 1019 itaque
971 945 1099 1019 nepotes
1122 958 1192 1002 suos
1207 940 1373 1020 Augustus
1398 960 1466 1002 cum
1480 941 1533 1002 dest

229 1037 336 1091 nasset
358 1028 414 1089 sibi
437 1045 644 1097 successores,
667 1019 779 1107 magna
794 1026 969 1108 diligentia
974 1027 1154 1090 erudiendos
1177 1036 1210 1089 et
1231 1028 1353 1091 artibus
1375 1029 1533 1109 imperator

228 1117 421 1181 instruendos
444 1116 576 1190 curavit;
607 1121 639 1176 et
660 1116 789 1193 nondum
811 1116 914 1197 posita
935 1123 1098 1196 praetexta
1126 1111 1214 1195 (ante
1236 1137 1279 1180 sc
1304 1118 1357 1180 14.
1381 1120 1533 1181 aetatise

229 1214 338 1280 actum,
352 1204 606 1267 ineuntsJuliano
621 1199 679 1283 40)
696 1205 847 1286 principes
858 1205 1032 1284 juventutis
1049 1205 1197 1286 appellari
1213 1216 1245 1268 et
1255 1205 1371 1270 Coss.
1362 1228 1395 1270 ιιι
1410 1209 1533 1289 quinque:

168 1368 171 1371 g
228 1295 310 1359 nium
332 1293 483 1374 designari
507 1293 606 1376 specie
629 1293 799 1357 recusantis
821 1293 1057 1375 flagrantissime
1073 1294 1204 1375 cupivit.
1249 1294 1328 1359 Cum
1352 1298 1433 1358 enim
1455 1298 1533 1359 ineuu

105 1442 108 1447 .
230 1403 308 1446 auno
331 1384 382 1446 40.
412 1390 536 1453 senatus
560 1382 641 1444 illos·
656 1382 685 1444 in
709 1389 884 1465 sequentem
907 1383 958 1445 41.
981 1381 1068 1447 Coss
1091 1383 1249 1465 designare
1273 1384 1387 1447 vellet:
1418 1385 1533 1466 August

200 1504 201 1509 ι
227 1474 311 1541 Deos
332 1479 474 1552 precatus
497 1478 561 1546 est,
589 1489 632 1532 ne
648 1490 778 1552 unquam
799 1479 908 1534 tantae
930 1472 1133 1534 necessitates
1163 1472 1382 1554 rempublicam
1407 1474 1533 1537 Romam

228 1561 478 1634 circumveniant,
500 1566 535 1622 ut
557 1560 709 1622 consulem
730 1560 874 1624 minorem
897 1560 984 1624 annis
1000 1562 1042 1623 20
1066 1561 1188 1632 babere¹
1201 1571 1340 1642 cogatur.
1388 1564 1440 1626 Ita
1464 1564 1533 1626 factu

229 1658 353 1714 senatus
369 1649 539 1723 consultum
561 1642 611 1727 (ιιι
625 1648 721 1711 habet
734 1657 958 1713 monumentum
978 1669 1078 1714 rerum
1092 1658 1249 1730 gestamm
1263 1651 1423 1732 Augusti,v
1434 1653 1533 1735 quode

109 1728 115 1770 ³
227 1732 385 1821 Ancyrae)
401 1747 436 1801 ut
450 1757 488 1801 ex
503 1757 539 1800 eo
556 1737 618 1813 die,
641 1756 698 1820 quo
713 1739 745 1800 in
760 1739 857 1813 forum
872 1738 1084 1814 deduceretur,
1105 1739 1228 1820 quisque
1239 1748 1316 1820 post
1332 1761 1432 1803 annos
1448 1742 1533 1824 quinq

229 1829 300 1893 Cos
317 1835 408 1890 esset
437 1827 535 1891 Addit
542 1826 632 1901 Dion
647 1835 720 1889 tuno
737 1820 795 1907 (sc.
805 1824 883 1890 anno
900 1823 959 1908 40)
977 1826 1053 1908 Cajo
1070 1828 1275 1892 sacerdotium
1290 1828 1330 1892 ab
1339 1831 1486 1911 Augusto
1499 1851 1533 1913 pn

228 1925 364 1981 curatum
379 1922 412 1978 et
425 1921 611 1996 potestatem
627 1916 764 1980 iactam
755 1937 787 1978 ιιι
797 1924 937 1979 senatum
951 1917 1091 1979 veniendi
1108 1899 1226 2000 aliaque
1241 1918 1373 1993 tributa,
1388 1939 1465 2002 quae
1480 1940 1533 1981 seu:

228 2007 343 2070 toribus
367 2005 439 2068 solis
461 2004 552 2067 tribui
575 2004 674 2068 solita
726 2005 763 2067 Id
790 2006 872 2068 circa
893 2005 946 2068 illa
968 2013 1107 2086 tempora
1130 2007 1260 2082 iactum,
1286 2008 1411 2089 quando
1436 2008 1533 2071 Herod

225 2097 398 2175 Augustum
414 2092 589 2156 offenderat.
612 2093 728 2157 Eodem
742 2094 835 2175 igitur
845 2113 924 2156 anno
940 2094 991 2159 40.
1003 2086 1107 2175 Cajus
1112 2095 1160 2157 die
1176 2096 1274 2159 natali
1289 2104 1459 2178 praetexta
1472 2098 1533 2180 posi

226 2180 342 2250 virilem
365 2190 467 2263 togam
490 2182 611 2256 sumsit,
633 2201 691 2263 quo
713 2184 795 2246 facto
818 2182 944 2247 Calend.
964 2183 1034 2246 Jan.
1035 2203 1139 2268 seqq.
1160 2185 1192 2248 in
1213 2184 1311 2247 fonrm
1334 2185 1445 2249 deduci
1465 2188 1533 2269 poti

225 2273 337 2335 Lucius
351 2290 423 2334 vero
439 2271 569 2348 triennio
584 2280 670 2352 post,
691 2293 733 2335 sc.
749 2291 827 2335 anno
843 2271 895 2334 44.
930 2271 1006 2352 EJ'os
1027 2272 1072 2335 rei
1093 2292 1187 2336 causa
1206 2271 1377 2337 Suetonius
1398 2277 1443 2338 ait
1462 2276 1533 2356 nup

226 2368 307 2426 stum
322 2360 510 2423 consulatum
526 2359 575 2421 12.
592 2366 624 2422 et
641 2361 713 2424 l3.
705 2382 736 2424 ιι
750 2361 807 2423 hos
828 2380 923 2424 annos
939 2381 981 2424 sc.
996 2360 1048 2440 41.
1064 2368 1098 2422 et
1112 2361 1164 2447 44.
1179 2362 1310 2443 petisse,
1333 2372 1371 2426 ut
1386 2365 1533 2446 amplissiu

224 2450 381 2533 praeditus
390 2449 571 2529 magistratu
582 2449 679 2512 filios
670 2470 702 2515 ιιι
712 2452 808 2513 lomm
818 2450 990 2524 deduceret,
1005 2469 1058 2512 suo
1075 2442 1221 2532 quemque
1237 2452 1391 2528 tirocinio,
1407 2474 1449 2516 sc.
1464 2453 1533 2534 Caju

227 2559 305 2603 anno
320 2539 372 2613 41,
387 2538 511 2605 Lucium
528 2557 605 2600 anno
616 2538 674 2600 44.
717 2539 753 2601 ld
768 2540 814 2602 ita
829 2540 860 2601 fa
841 2546 951 2614 actum,
965 2546 1007 2602 ut
1012 2539 1201 2633 interessent
1215 2541 1351 2604 consiliis
1372 2543 1511 2623 publicis,
1527 2562 1533 2602 ι

225 2628 320 2692 habet
334 2647 463 2690 marmor
484 2635 516 2688 et
530 2626 703 2701 Suetonius,
711 2635 752 2690 ιιι
767 2628 864 2691 teneri
880 2627 978 2690 adhuc
995 2627 1033 2691 ad
1044 2648 1147 2691 curam
1154 2630 1235 2709 reip.
1251 2632 1465 2694 assuefierent.
1492 2632 1533 2695 on

224 2718 317 2799 igitur
332 2716 450 2779 videret
464 2717 611 2795 Tiberius,
626 2724 810 2797 quantopere
819 2717 979 2797 Augustus
995 2725 1122 2798 nepotes
1136 2718 1292 2799 privignos
1309 2740 1385 2782 suos
1401 2722 1533 2783 extollere

151 2876 155 2883 .
177 2820 179 2823 ’
225 2807 310 2869 brevi
326 2814 460 2886 tempore
477 2805 515 2868 ab
531 2812 639 2867 exacto
656 2805 814 2869 consolatu
830 2799 942 2886 (quim
957 2807 1190 2886 praecedentem
1205 2806 1256 2870 39.
1266 2808 1426 2891 lulianum
1440 2809 1533 2885 incidit

225 2915 291 2959 cum
313 2902 396 2957 esset
418 2894 456 2955 ab
471 2895 611 2974 Augusto
634 2895 731 2958 lectus
753 2894 928 2957 tribunitiae
943 2895 1109 2976 potestatis
1132 2896 1250 2977 collega
1271 2897 1301 2959 in
1326 2897 1533 2980 quinquenniis

174 3008 176 3018 ¹
224 2985 334 3047 cumei
350 2984 474 3046 decreta
490 2990 573 3045 esset
586 2983 748 3058 Armenia,
770 3003 819 3047 res
841 3003 938 3046 novas
954 2991 1098 3063 spectans
1121 2979 1199 3047 anno
1222 3005 1280 3068 quo
1298 2985 1396 3066 Cajus
1412 2996 1445 3049 et
1458 2987 1533 3050 Lucii

225 3073 312 3139 Coss.
328 3071 495 3151 designati,
518 3091 595 3136 anno
612 3092 653 3134 sc.
670 3072 722 3135 40.
736 3072 825 3152 paulo
841 3080 1018 3154 postquam
1034 3072 1127 3153 Cajus
1148 3073 1309 3136 sumsisset
1323 3076 1443 3138 virilem
1458 3086 1533 3157 togau

224 3161 336 3225 Lucius
351 3162 376 3223 it
363 3169 424 3223 tem
439 3168 574 3222 maturus
597 3168 680 3224 esset
694 3160 783 3239 viris·
806 3160 905 3224 Roma
921 3162 997 3225 abiit
1019 3162 1129 3225 cedens
1151 3162 1418 3228 administratione
1434 3166 1533 3247 dignita

224 3251 363 3353 tibusque
380 3250 510 3316 decretis
527 3245 712 3352 (quanquam
729 3269 830 3312 earum
845 3270 953 3313 nomen
968 3242 1153 3333 retinuerit),
1168 3272 1206 3315 ne
1217 3253 1365 3357 splendor
1380 3270 1452 3317 snus
1467 3255 1533 3317 orico

178 3353 181 3364 ·
224 3339 322 3402 tium
308 3357 451 3419 Juvenum
465 3338 658 3401 incrementis
674 3339 821 3414 obstaret,
837 3347 871 3401 ut
886 3359 958 3402 vero
969 3339 1030 3414 alii,
1045 3339 1116 3422 quia
1130 3360 1229 3404 mores
1244 3342 1351 3404 uxoris
1367 3344 1476 3420 Juliae,
1489 3363 1533 3426 qur

218 3428 363 3509 juvenum
377 3435 475 3492 mater
490 3434 573 3502 erat,
595 3428 672 3491 ferre
688 3447 748 3491 non
762 3435 884 3509 posset;
909 3434 941 3490 et
954 3427 1094 3492 Rhodum
1116 3429 1262 3529 secedens
1277 3432 1395 3496 multos
1417 3431 1533 3497 amosil

223 3524 433 3618 commoratus
438 3524 494 3578 est.

311 3605 434 3670 Statim
445 3613 479 3668 ut
502 3604 566 3667 hoc
581 3605 678 3668 sensit
691 3606 841 3681 Parthus,
862 3582 952 3688 rupto
968 3579 1107 3691 loedere
1112 3592 1232 3671 manum
1255 3608 1374 3690 adjecit
1388 3610 1533 3676 Anneniae

180 3713 182 3721 ¹
223 3715 313 3778 qnam
327 3694 467 3758 credibile
491 3701 540 3756 est
555 3694 743 3758 deficientem
757 3717 777 3758 a
790 3695 937 3758 Romanis
961 3695 1113 3800 adipsum
1129 3697 1263 3801 cupide
1255 3718 1286 3760 ru
1307 3698 1482 3763 clientelam
1493 3719 1533 3762 sm

223 3785 369 3865 cepisse.
364 3781 463 3855 Quae
479 3804 529 3847 res
544 3784 584 3846 ad
599 3803 737 3865 magnum
753 3783 882 3865 aliquem
896 3791 1018 3848 motum
1024 3786 1245 3866 provinciarum
1260 3788 1392 3854 orientis
1407 3787 1533 3872 spectari

223 3893 280 3955 quo
297 3874 334 3936 de
350 3880 383 3940 et
398 3893 488 3955 supra
503 3873 637 3936 nonnihil
653 3873 772 3938 etinfra
790 3894 857 3956 cap.
869 3875 918 3937 12.
932 3874 1076 3955 pluribus.
1100 3877 1206 3958 Neque
1216 3883 1320 3941 umen
1331 3879 1456 3961 legitur,
1468 3897 1533 3963 quen

222 3982 315 4044 quam
331 3962 422 4027 luisse
445 3962 567 4025 missum
595 3963 888 4038 contraArmenos,
917 3965 1086 4038 eratenim
1114 3966 1239 4029 decreta
1261 3967 1387 4031 Tiberio
1411 3967 1533 4033 Armeni

221 4052 394 4120 tribunitiae
409 4051 583 4133 potestatis,
600 4071 733 4127 summae
749 4052 887 4117 nimimm
903 4053 1071 4134 dignitatis,
1086 4053 1241 4136 participi,
1257 4057 1314 4160 qui·
1324 4077 1427 4121 rerum
1436 4077 1533 4139 magua

221 4160 287 4215 rum
302 4141 477 4217 occasiones
493 4159 530 4203 ex
541 4130 713 4204 deliberato
729 4143 879 4225 neglexit3
908 4161 964 4221 nec
980 4149 1082 4206 tamen
1103 4144 1146 4207 illi
1162 4146 1316 4227 surrogari
1339 4147 1418 4210 alins
1432 4152 1533 4229 poterat

221 4230 279 4293 nisi
272 4230 409 4299 violata
424 4236 458 4309 et
470 4229 628 4304 imminuta
643 4231 707 4312 ejus
721 4239 886 4313 potestate,
908 4251 985 4314 quae
1001 4241 1200 4311 sacrosancta
1216 4241 1294 4298 erat.
1323 4235 1533 4334 Designatijan

222 4318 309 4384 (loss.
334 4317 426 4400 (lajus
451 4327 482 4381 et
502 4318 613 4382 Lucius
635 4321 732 4384 teneri
754 4321 900 4395 adhuc
874 4341 985 4385 circnm
1007 4323 1178 4403 provincias
1205 4323 1416 4409 exercitusque
1438 4321 1533 4387 dimissi

222 4408 339 4471 scilicet
359 4414 395 4472 ut
415 4428 501 4470 usum
509 4416 620 4471 rerum
639 4417 671 4472 et
692 4411 826 4473 favorem
849 4411 1034 4482 exercituum
1057 4412 1114 4476 sibi
1137 4413 1344 4478 conciliarent.
1388 4415 1430 4480 Ει
1453 4413 1533 4493 Ceios

221 4498 314 4571 etiam
328 4496 488 4561 Paterculo
503 4502 596 4575 teste,
608 4518 675 4561 cum
688 4501 820 4580 postea
811 4520 843 4562 m
858 4501 1005 4566 orientem
1014 4503 1196 4591 mitteretur,
1212 4510 1284 4567 ante
1301 4500 1533 4586 aliasproriucias

134 4611 136 4614 ·
220 4587 260 4650 ad
274 4587 430 4651 visendum
445 4587 569 4652 obierat.

305 4677 395 4742 Anno
411 4677 461 4739 41.
471 4676 600 4754 Juliano,
620 4683 655 4741 ut
670 4675 795 4752 dictum,
818 4677 959 4759 (laisein
976 4681 1072 4759 forum
1088 4659 1260 4744 deductus
1251 4703 1283 4746 m
1299 4691 1432 4747 senatum
1445 4675 1521 4740 tetd-
