3194 5482
188 90 231 161 70
306 154 307 158 ,
503 120 504 123 ’
610 109 829 175 Literoe'Keplerl
841 110 1107 176 uhommquemutuae

188 259 310 321 Heeron
327 256 483 320 etHamul
499 260 571 335 poet
585 254 651 315 nati
665 253 696 314 in
712 254 870 338 Aegypto,
883 252 958 315 'loco
976 251 1041 315 Ger
1056 261 1088 315 et
1104 251 1205 315 Ouani
1224 251 1254 315 in
1270 251 1398 317 Oeuaen
1412 257 1530 312 mortu-

189 365 273 409 omm
298 341 348 426 (ut
362 346 513 407 interdum
528 342 600 404 mihi
615 342 776 405 verisimile
799 336 935 421 videtur)
958 341 1156 405 temeuJuda
1178 348 1211 402 et
1233 342 1285 403 filii
1308 342 1373 421 ejus
1387 339 1532 401 rioenarii

188 442 367 522 genuerunt,
382 442 417 495 ut
433 432 594 495 absurdum
610 450 670 493 non
687 432 736 505 sit,
758 431 832 493 Levi
849 432 890 494 23
907 431 1039 492 tnhuere
1055 432 1094 492 ad
1110 432 1313 511 generandum
1336 438 1369 491 et
1386 429 1434 490 ita
1449 427 1531 491 Cae-

159 566 162 569 *
188 511 274 586 thum
303 526 345 585 20
369 539 519 583 annorum
541 521 672 582 facere
664 540 695 581 ιο
717 521 873 581 descensu
916 518 1174 590 Quemadmodum
1201 520 1292 581 etiam
1311 517 1419 622 procul
1442 517 1531 579 dubio

187 613 278 694 longe
294 619 366 674 ante
384 611 446 673 133
458 609 568 684 Oaath,
584 617 655 683 aute
673 605 871 672 13'lAmram
887 609 999 688 gcnuit.
1023 610 1108 671 Haec
1123 617 1225 670 autem
1240 608 1348 693 omnia,
1364 608 1441 679 dico,
1457 625 1530 671 οοο,-

188 703 352 775 cedantur,
373 700 427 761 fiet
443 718 558 761 summa
574 696 693 762 Ouathi
703 705 734 759 et
748 698 886 760 Amrami
902 693 981 773 270,
1005 698 1082 759 adde
1099 698 1142 760 80
1156 697 1275 760 Mosis
1267 717 1298 758 ιο
1314 697 1414 769 exitu,
1437 696 1531 757 hahes

90 788 92 795 ⁴
188 791 254 853 350
278 808 382 851 annos.
427 788 507 851 Ecce
532 788 664 850 nondum
688 787 886 849 conficiuntur
911 786 955 848 illi
973 745 1041 848 ’430
1063 787 1159 849 Mosis
1185 793 1218 848 et
1239 784 1432 872 Genebrardi
1454 784 1531 846 enni

189 863 292 950 Quare
316 877 435 940 omuino
457 876 620 957 incipiendi
636 882 708 937 suut
722 875 765 937 illi
782 876 846 938 430
862 876 933 937 anni
955 896 975 936 e
986 876 1084 955 primo
1099 875 1227 938 Abrami
1249 872 1427 936 descensu'
1418 868 1451 935 ιο
1465 873 1534 936 Ae·-

188 975 324 1050 gyptum,
340 966 389 1046 qui
406 966 505 1028 factus
522 973 571 1026 est
584 965 683 1027 altero
700 985 778 1025 anno
794 973 955 1045 postquam
971 983 1009 1025 ex
1023 965 1151 1026 Harau
1140 984 1174 1025 ιο
1190 963 1317 1028 Oanaan
1331 963 1426 1024 veuit

279 1054 380 1135 Saepe
397 1061 430 1116 et
443 1055 516 1116 illud
532 1055 604 1117 mihi
620 1052 726 1115 durum
740 1054 868 1127 videtur,
883 1054 1015 1115 Tharam
1031 1054 1068 1114 ab
1083 1053 1217 1115 Abrumo
1234 1054 1400 1126 desertum,
1421 1070 1479 1113 nec
1495 1051 1532 1113 ab

186 1146 253 1227 ipso
270 1145 435 1224 sepultum,
456 1151 492 1205 ut
511 1143 576 1223 ipse
598 1144 636 1204 ab
652 1144 739 1204 Isaco
755 1149 788 1205 et
803 1142 945 1217 ismaele,
964 1145 1033 1204 lsac
1049 1163 1068 1203 a
1082 1143 1198 1204 Jacobo
1214 1147 1247 1203 et
1260 1142 1379 1215 Esauo,
1399 1140 1499 1202 Jacob
1514 1161 1532 1200 a

189 1233 267 1296 filiis.
292 1233 358 1295 Nec
374 1233 452 1295 enim
468 1232 720 1294 nescivitAbram
735 1232 772 1292 de
787 1239 885 1312 patre,
901 1250 967 1293 cum
982 1231 1164 1292 ineudiverit
1176 1232 1216 1292 de
1231 1231 1382 1293 Naohoris
1397 1228 1532 1309 posteri-

187 1329 263 1393 tate.
295 1320 359 1384 Sed
374 1322 534 1383 confirmor
548 1321 646 1383 hisce:
678 1314 711 1399 1)
732 1321 832 1384 There
848 1321 959 1383 liberos
975 1327 1007 1381 et
1022 1320 1166 1382 familiam
1186 1320 1277 1381 aliam
1296 1320 1404 1381 habuit
1421 1336 1531 1392 secum,

177 1411 261 1492 ‘quia
276 1418 396 1472 tantum
411 1410 494 1472 Loth
511 1429 577 1471 cum
590 1409 767 1472 Abrahamo
783 1410 938 1489 profectus
954 1409 1148 1484 est,·Nechor
1164 1409 1318 1472 remansit.
1354 1402 1391 1487 2)
1413 1407 1532 1471 Oderat

187 1500 347 1565 Abraham
370 1500 503 1580 patrium
528 1518 628 1572 suam,
653 1498 723 1578 quia
747 1499 885 1573 nolebat,
911 1517 946 1559 eo
971 1498 1062 1560 filium
1086 1499 1207 1561 reverti
1246 1492 1283 1578 3)
1311 1499 1396 1560 Deus
1420 1495 1530 1577 inquit:

160 1667 163 1673 1
190 1588 363 1668 „Egredere
388 1589 424 1650 de
448 1588 535 1649 domo
558 1589 656 1668 patris
672 1586 753 1660 tui“,
775 1587 843 1648 rivo
858 1588 951 1667 igitur
972 1581 1060 1667 patre
1077 1593 1294 1667 egressusest.
1330 1589 1440 1666 Itaque
1457 1584 1531 1647 Ste-

190 1678 292 1759 phano
315 1676 365 1738 vel
379 1674 481 1739 Lucae
496 1676 713 1739 renunciemus.
750 1676 852 1738 Lucas
868 1677 946 1738 euim
960 1676 1049 1757 paulo
1063 1676 1163 1737 m'mus
1179 1676 1332 1745 studiosus
1354 1675 1534 1738 scitharum

188 1766 420 1847 antiquitatum,
443 1766 522 1846 quod
545 1765 766 1827 demonstravit
787 1765 967 1845 interposito
990 1764 1106 1827 Cainan
1127 1765 1226 1845 aliquo
1244 1766 1350 1845 ignoto
1370 1765 1400 1825 in
1417 1782 1532 1844 genea-

187 1855 300 1935 logiam
317 1852 441 1918 Christi
472 1856 579 1934 Itaque
596 1874 720 1916 causam
735 1854 833 1916 adhuc
848 1853 976 1916 nullam
977 1846 1053 1915 satis
1068 1872 1209 1947 maguam
1225 1854 1332 1929 habeo,
1348 1873 1401 1916 cur
1417 1854 1533 1916 aBun-

186 1944 276 2022 tingi
286 1943 335 2005 vel
357 1934 536 2005 Bucholzeri
560 1963 675 2006 summa
698 1943 859 2017 discedam.
900 1941 984 2014 Quos
1007 1962 1073 2004 oum
1096 1962 1154 2004 non
1177 1942 1245 2022 plue
1267 1943 1288 2006 8
1310 1942 1360 2005 vel
1383 1942 1424 2004 10
1446 1942 1532 2003 anuis

186 2033 393 2094 astronomica
407 2051 475 2094 mea
491 2036 630 2113 superet,
653 2032 741 2094 facile
765 2032 886 2094 tantula
907 2051 1023 2094 summa
1043 2032 1124 2094 inter
1146 2031 1290 2094 articulos
1313 2032 1532 2093 connexionum

184 2121 397 2183 menstruatim
419 2121 467 2182 vel
491 2121 679 2183 frustillatim
703 2122 835 2202 dispergi
851 2122 980 2201 poterit,
999 2129 1036 2182 ut
1058 2121 1099 2183 sit
1086 2120 1265 2184 tadiluvio
1287 2123 1326 2183 ad
1347 2122 1541 2186 oreadonem

25 2250 29 2257 =
136 2268 141 2279 ,
190 2209 368 2284 locande
385 2210 632 2273 advocationem
646 2210 773 2273 Abrami
789 2206 853 2273 370
870 2210 923 2272 duc.

271 2297 393 2369 Quodsi
415 2307 449 2360 tu
472 2298 612 2360 meliores
635 2300 766 2361 fortasse
788 2299 922 2361 rationes
944 2299 1054 2373 habes,
1083 2299 1190 2386 quibus
1218 2318 1363 2361 summam
1390 2299 1535 2360 conficias

187 2388 301 2451 aetatis
317 2389 487 2450 mundanae
509 2394 579 2449 ante
597 2387 752 2458 Christum
773 2387 983 2468 chronologice
999 2388 1100 2462 4080,
1122 2389 1326 2466 ιιιιοοοοιιιο,
1338 2396 1412 2450 vero
1427 2387 1533 2450 4096:

188 2477 377 2540 differentiae
400 2477 502 2556 itaque
526 2496 672 2539 annornm
697 2476 741 2540 16·
760 2478 808 2538 fac
830 2477 934 2551 idem,
948 2479 1027 2559 quod
1049 2496 1106 2558 ego
1122 2478 1211 2539 modo
1233 2478 1290 2541 feci
1306 2479 1343 2539 de
1359 2476 1534 2539 differentia

64 2647 67 2655 Ι
106 2596 109 2603 ·
187 2565 384 2628 annorum8.
430 2566 594 2645 Interpone
624 2567 653 2627 in
678 2567 816 2631 omnihus
839 2567 1074 2636 connexionibus
1104 2567 1191 2628 binos
1213 2567 1262 2629 vel
1284 2567 1381 2632 trinos
1395 2585 1535 2636 menses.

163 2653 285 2728 'Sane,
308 2654 357 2735 qui
374 2674 445 2716 anm
437 2654 589 2715 Davidis
606 2655 678 2717 alibi
694 2655 737 2718 40
759 2658 827 2727 esse
848 2655 1003 2729 dicuntur,
1026 2657 1069 2718 illi
1092 2655 1249 2718 6menses
1270 2655 1447 2736 appendicis
1467 2655 1535 2718 loco

186 2743 316 2816 habent,
337 2743 388 2805 ubi
404 2751 512 2805 exacte
535 2752 738 2808 numerantur.
777 2743 840 2807 Sed
861 2745 940 2805 male
963 2745 1005 2807 sit
1026 2745 1210 2820 huic'mxae,
1233 2745 1397 2850 quaemihi
1413 2752 1550 2808 tanturm·

187 2831 289 2912 perdit
304 2831 420 2912 papyri,
436 2832 492 2894 tibi
508 2839 628 2913 tempus
644 2832 773 2912 legendo
789 2832 939 2912 eripit.

255 2964 444 3045 blaestliuus
462 2986 519 3051 (d.¹
522 2986 574 3054 ².l„
585 2991 642 3040 ιιι.
658 2990 733 3042 1599.
753 2989 846 3064 comp,
855 2990 966 3041 Hansch.
983 3006 1006 3054 p.
1024 2988 1069 3053 28)
1086 2992 1149 3042 haec
1164 2993 1301 3056 respondit:
1320 2991 1473 3043 Dissertatio
1489 2998 1537 3044 tur

187 3060 430 3127 chronologicamihi
444 3062 510 3112 lectu
523 3068 562 3111 est
572 3064 759 3124 jucundissima
785 3056 900 3127 Intelligo
913 3063 992 3118 euim,
1011 3077 1086 3126 quam
1099 3064 1362 3129 diligenterpleraque
1375 3066 1536 3121 ιοοιοοιιιο

132 3150 136 3159 ·
186 3132 377 3218 dignolegerie,
398 3139 475 3183 etme
488 3148 584 3197 quoque
598 3135 635 3182 de
641 3134 737 3191 multis,
758 3147 883 3198 quaenon
901 3134 964 3184 adeo
976 3135 1217 3190 animadverterem,
1228 3136 1352 3185 admones.
1378 3136 1456 3185 Porro
1468 3136 1536 3199 quod

185 3205 208 3253 ei
220 3219 269 3253 οοο
280 3205 419 3267 adstipulor
430 3219 475 3268 per
487 3206 576 3260 omnia,
589 3204 697 3254 rationes
710 3205 776 3255 audi.
798 3205 971 3268 Praecipuum,
983 3212 1051 3254 recte
1061 3207 1155 3264 scribis,
1163 3202 1344 3257 ιιιιιοιιιιιιο
1352 3208 1420 3271 perit
1429 3208 1534 3256 chrono-

184 3275 251 3340 logia
259 3275 376 3325 iudicum
388 3274 433 3325 dcc.
457 3275 480 3323 A
494 3275 583 3324 diluvio
596 3276 629 3325 sd
637 3275 811 3326 Abrahamum
820 3277 977 3326 ιοιοιιιιιοιο
988 3277 1087 3326 ridetur
1098 3277 1193 3341 aliquot
1202 3291 1262 3327 sane
1272 3280 1342 3328 ιοοιι
1350 3279 1439 3344 sugeri
1451 3293 1534 3342 porse

186 3344 237 3396 Sed
248 3346 367 3395 violentia
379 3347 488 3411 quadam
500 3359 560 3409 opus
570 3353 621 3405 est
634 3349 698 3411 quod
711 3349 755 3396 et
749 3363 828 3411 ipsum
841 3356 879 3397 est
892 3347 1033 3398 absurdum.
1058 3348 1179 3398 Attamen
1190 3347 1237 3398 XV
1249 3364 1381 3407 numerus
1400 3365 1444 3415 qm
1456 3363 1534 3414 quoe-

184 3419 254 3474 ritur,
266 3417 301 3466 lbi
313 3432 362 3467 non
373 3418 503 3467 invenitur.
530 3416 612 3476 Quare
624 3417 671 3467 hoo
681 3433 782 3468 numero
796 3424 926 3468 contentus
939 3433 994 3468 esse
1007 3418 1068 3468 rolo
1093 3419 1148 3468 Tibi
1165 3435 1221 3472 vero
1233 3436 1276 3484 pro
1289 3428 1334 3470 tua
1346 3433 1422 3485 opere
1435 3422 1534 3485 gratias

186 3500 242 3552 ogo,
255 3500 305 3552 quo
314 3495 372 3537 tuas
381 3489 554 3551 cogitationes,
566 3501 632 3554 qnae
641 3504 681 3539 me
691 3492 769 3539 etiam
779 3490 809 3539 de
818 3491 902 3539 multis
911 3495 1019 3578 mouent,
1033 3503 1098 3554 quae
1107 3476 1173 3555 priris
1183 3494 1319 3542 oscitanter
1327 3494 1534 3557 praeteritorem,

185 3558 336 3610 mrhretrem
348 3561 543 3610 communicante
651 3598 653 3602 ,

254 3701 412 3765 Keplerur
428 3701 507 3750 literis
521 3703 555 3750 ad
565 3699 726 3751 Maestlinum
740 3703 770 3754 de
782 3701 845 3751 Urso
858 3688 884 3750 et
895 3642 1012 3765 Tychoue
1030 3700 1095 3752 detis
1112 3700 1166 3765 (cir
1185 3702 1242 3754 Vol.
1253 3701 1273 3752 l.
1286 3718 1310 3767 p.
1322 3699 1368 3766 48)
1384 3704 1450 3755 hoec
1463 3701 1535 3755 addit

184 3773 217 3824 od
230 3773 401 3837 quaestionem
414 3770 631 3837 chronologicam
625 3789 649 3821 m
661 3774 781 3838 prioribus
793 3773 871 3823 literis
883 3777 1020 3822 tractatam
1033 3776 1194 3838 pertinentia:

271 3898 316 3960 Ut
331 3904 434 3958 autem
444 3897 524 3958 Urso
542 3905 575 3958 et
584 3898 718 3978 Tychoni
730 3898 795 3977 jam
810 3897 1023 3972 valedicemus,
1039 3898 1119 3961 nitor
1138 3919 1186 3965 me
1203 3900 1366 3981 adjungere
1382 3898 1533 3980 legationi

184 3987 331 4061 ordinum,
346 3992 383 4047 οι
398 3986 533 4066 gratuito
549 3986 682 4066 Pragam
697 3986 886 4066 perveniam,
908 3986 949 4049 ihi
964 3988 1040 4049 haec
1055 3988 1136 4050 Urso
1152 3989 1183 4050 iu
1199 4009 1233 4051 os
1250 3989 1450 4070 exprobrabo,
1470 4011 1533 4054 οοο

184 4076 281 4139 ιιιιοι.
311 4075 385 4138 Inde
401 4075 615 4155 Witebergam
632 4084 702 4138 sunt
717 4076 759 4138 30
774 4075 916 4138 miliaria:
941 4076 1017 4157 quae
1032 4095 1100 4138 meo
1116 4073 1216 4140 sumtu
1233 4079 1397 4152 conficiam,
1413 4086 1454 4140 nt
1465 4080 1532 4161 Ty-
1588 4127 1592 4134 .

165 4166 309 4259 xchonem
325 4164 452 4225 videam
482 4164 567 4226 Deus
578 4165 766 4245 propositum
775 4183 873 4227 meum
889 4164 1008 4246 dirigat.
1039 4166 1151 4228 Nescio
1167 4187 1284 4249 nempe,
1300 4188 1340 4229 an
1354 4168 1412 4230 hoc
1428 4169 1530 4249 impe-

182 4261 265 4319 trare
281 4254 406 4333 possim.
1591 4329 1594 4332 ,

270 4342 306 4406 ιο
319 4341 612 4424 chronologicis
628 4342 666 4404 de
682 4343 724 4404 20
740 4342 827 4404 annis
843 4362 932 4404 arcae
949 4340 1037 4405 facile
1054 4343 1137 4417 cedo,
1146 4343 1190 4409 de
1206 4343 1271 4407 480
1286 4346 1418 4423 noudum
1432 4365 1531 4450 prop-
1584 4381 1587 4410 ι

184 4436 232 4491 ter
253 4430 317 4492 300
332 4430 492 4511 Jephthes
521 4432 569 4493 De
590 4430 740 4494 Jubilaeis
762 4431 949 4511 suspiciones
971 4438 1004 4492 et
1025 4433 1217 4512 conjecturae
1240 4442 1319 4498 sunt
1356 4432 1434 4506 Quis
1451 4437 1533 4499 enim
1591 4486 1597 4487 ff

185 4518 267 4579 dicet
281 4519 377 4592 nobis,
400 4541 439 4582 an
455 4521 587 4603 sortame
603 4539 681 4582 anno
701 4520 740 4582 10
757 4520 904 4583 Zedeciae
919 4520 1090 4583 Jubilaeum
1106 4517 1290 4603 (diutissime
1305 4520 1529 4606 intermissum)
1583 4524 1588 4548 ⁷

184 4614 310 4689 propter
328 4607 518 4672 obsidionem
541 4609 624 4672 urbis
646 4609 677 4693 in
704 4617 911 4690 argumentum
926 4609 1133 4692 poenitentiae
1148 4618 1184 4674 ut
1197 4612 1353 4694 jejunium,
1367 4605 1550 4679 voverinti'
1580 4647 1582 4663 τ
