3112 5474
359 278 482 349 capuax
506 265 821 335 nonsummum.
1193 257 1261 333 3'25

75 426 161 490 ide
172 428 227 490 'au‘
240 424 370 489 Liviada
384 425 559 506 legendum,
581 417 701 506 semper
722 424 801 489 'enim
815 424 967 508 Josephus
986 426 1105 491 Liviam
1125 426 1262 511 appellat

75 536 152 579 un
166 523 236 578 aute
253 534 342 598 quam
357 521 543 578 testamento
558 513 692 595 Augusti
707 521 920 594 postmortem
942 515 1007 597 eins
1021 516 1053 580 in
1067 535 1175 581 nomen
1190 518 1262 581 Au·

75 605 249 668 r‘amiliam
263 604 376 667 Juliam
398 603 548 685 adoptata
572 603 636 665 fuit.
666 602 710 665 Ει
722 603 871 666 Eusebius
886 605 1001 667 Herodi
1022 606 1129 668 tribuit
1153 605 1274 669 aedifi-⁸

75 694 235 757 iviadis:
259 700 292 756 et
305 694 421 756 Plinius
438 693 579 784 agnoseit
592 689 722 754 Liviada
736 693 817 763 inter
832 693 985 757 convalles
1000 694 1138 757 Judaeae
1152 695 1260 758 balsa-
1345 686 1348 694 ’

75 782 250 863 'hilippus
272 802 343 846 vero
359 783 390 844 in
404 782 548 845 Paueade
572 778 771 857 Caesaream,
798 782 830 843 in
848 783 981 846 inferiori
1004 781 1199 870 Gaulanitide
1222 784 1261 847 ad

75 893 81 927 ἰ
136 870 325 941 Genesareth
339 872 552 946 Bethsaidam,
573 889 662 951 quam
678 870 774 934 afilia
789 869 933 935 Caesaris
947 868 1030 936 dulia
1044 872 1263 951 tranomiuarit

75 958 179 1023 [aec
200 961 294 1041 igitur
308 962 459 1042 Josephus
480 960 560 1023 hunc
574 959 605 1023 in
627 957 747 1023 modum
767 969 923 1035 recenset;
953 960 1059 1042 quibus
1083 960 1261 1036 addendum,

75 1045 248 1131 'osephus
271 1050 414 1132 obsequia
429 1049 559 1113 Herodis
581 1049 797 1128 iu'Augustnm
819 1050 942 1131 ejusque
963 1050 1081 1113 domum
1095 1049 1262 1130 profectio-

75 1140 238 1220 giuquas
264 1138 303 1200 ad
328 1139 518 1214 salutandos,
543 1138 735 1217 excipiendos
761 1138 1010 1220 deducendosque
1033 1141 1206 1217 Augustum
1230 1145 1263 1200 et

75 1244 144 1289 ns
159 1228 335 1309 Agrippam,
352 1229 470 1312 quoties
485 1229 516 1290 iu
533 1226 678 1290 orientem
694 1228 904 1302 advenissent,
928 1227 1072 1308 singulari
1089 1247 1160 1290 cura
1176 1236 1276 1292 oom-.

75 1315 175 1379 nihil
190 1316 359 1397 hujusmodi
376 1317 460 1397 Oajo,
477 1317 526 1399 qui
542 1324 575 1379 et
588 1318 654 1397 ipse
669 1317 700 1381 in
716 1317 861 1379 orientem
877 1315 940 1396 ejus
955 1314 1129 1379 moderator
1144 1317 1261 1379 iuturus

75 1407 264 1469 raesutum
287 1408 324 1469 ab
347 1407 467 1470 Herode
493 1407 661 1469 annotavit.
704 1406 793 1469 Haec
812 1405 908 1487 igitur
937 1405 977 1467 ad
1001 1404 1089 1469 fidem
1112 1405 1259 1468 historiae

75 1496 338 1569 terminabimus,
353 1504 387 1558 ιιι
403 1502 553 1576 appareat
568 1495 660 1557 etiam
675 1495 754 1569 hinc,
768 1494 921 1557 Herodem
937 1495 1055 1557 omuino
1072 1501 1144 1556 ante
1158 1494 1259 1557 Julia-

86 1578 150 1646 ¹et
164 1584 207 1661 44
222 1593 372 1647 mortuum
388 1584 597 1659 esse,„scilicet
613 1604 691 1646 anno
707 1584 758 1646 42.
794 1583 830 1645 Id
845 1602 916 1645 vero
933 1591 1061 1664 quatuor
1076 1583 1260 1663 argumentis

139 1673 272 1736 Primum
293 1681 357 1749 est,
379 1673 457 1754 quod
473 1672 566 1753 Gajus
590 1693 668 1735 auno
692 1671 747 1735 44.
765 1672 864 1735 Roma
886 1671 1027 1734 discessit
1048 1691 1104 1734 uec
1119 1664 1259 1734 reverens

82 1761 188 1824 vixit
234 1765 303 1825 Nou
319 1763 411 1843 igitur
426 1756 497 1844 post
519 1781 629 1824 anunm
650 1762 702 1825 44.
726 1762 757 1824 iu
773 1781 917 1824 consessu
939 1762 1100 1823 amicorum
1116 1759 1259 1824 Caesaris

75 1863 141 1913 em
156 1852 287 1914 Herodis
303 1870 426 1914 cernere
442 1850 551 1933 potuit,
573 1869 645 1931 ergo
662 1857 756 1914 autea
770 1857 904 1913 mortuus
920 1849 1066 1912 Herodes.
1111 1849 1260 1924 Alterum,
1330 1910 1333 1922 ,

83 1935 242 2002 Caesaris
257 1941 320 2002 filia
335 1960 414 2003 anuo
429 1941 481 2003 illo
498 1939 549 2002 44.
565 1939 602 2002 ob
619 1939 836 2021 impudicitiam
851 1939 940 2002 exilio
955 1925 1094 2013 multata,
1109 1955 1260 2019 nunquam

75 2037 173 2110 cepta
196 2037 245 2092 est
266 2029 297 2092 iu
319 2030 465 2111 gratiam:
489 2047 549 2092 uon
570 2028 661 2109 igitur
676 2036 749 2110 post
764 2047 873 2091 aunum
888 2028 939 2091 44.
969 2028 1127 2109 Philippus
1143 2026 1260 2088 exulem

75 2113 83 2179 ι’
103 2118 221 2180 nomine
238 2118 301 2198 ejus
311 2118 425 2181 Juliadi
439 2118 589 2199 imposito,
604 2125 765 2199 ntpatrem
782 2117 845 2197 ejus
860 2118 1032 2198 Augustum
1047 2117 1259 2178 demereretur.

75 2195 233 2287 {raugelio
254 2207 421 2270 invenimus
444 2207 561 2289 quidem
577 2227 655 2269 nova
670 2207 786 2270 urbium
803 2207 928 2285 ,uomina
942 2205 1115 2280 Tiberiade,
1139 2203 1259 2268 Gaesa-

75 2287 155 2376 lippi,
171 2314 248 2378 quae
262 2297 480 2376 priusPaueas
497 2296 592 2370 dicta,
610 2315 671 2359 uou
685 2297 855 2383 invenimus·
866 2295 979 2358 Juliam
993 2296 1042 2357 vel
1056 2294 1187 2369 Juliada,
1204 2293 1259 2356 sed

100 2402 202 2448 nomen
224 2385 281 2447 loci
296 2385 481 2460 Bethsaida,
505 2392 540 2448 nt
554 2384 714 2448 verisimile
730 2386 786 2460 sit,
809 2381 954 2463 damnata
968 2384 1050 2446 Julia
1070 2400 1177 2446 nomen
1192 2382 1266 2444 urbi

75 2482 104 2534 11
121 2474 222 2536 fnisse.
268 2473 400 2555 Oportet
421 2475 514 2555 igitur
535 2480 607 2536 aute
627 2473 678 2535 44.
694 2468 847 2537 Julianum
867 2474 925 2535 hoc
945 2491 1053 2535 nomen
1072 2472 1258 2535 Bethsaidae

75 2575 128 2637 tae,
150 2563 269 2645 quando
284 2563 386 2639 Julia,
403 2562 533 2626 noudum
549 2562 688 2626 adulterii
704 2582 770 2638 rea,
792 2561 893 2625 floruit
908 2561 1009 2642 gratia
1030 2560 1137 2642 patris.
1174 2562 1259 2624 Ante

83 2646 218 2714 Herodes
240 2660 375 2715 mortuus
398 2661 430 2715 et
445 2652 497 2714 filii
520 2670 703 2714 successere.
747 2652 882 2714 Tertlnm
896 2658 953 2725 est,
975 2649 1054 2736 quod
1070 2649 1164 2730 Cajns
1180 2667 1259 2711 anno

75 2753 117 2802 rus
134 2742 166 2803 in
187 2742 333 2804 orientem
346 2741 537 2823 lerosolyma
546 2740 583 2802 de
592 2742 757 2824 propinquo
767 2746 996 2821 praetervectus
1012 2746 1069 2813 est,
1084 2756 1140 2801 nee
1155 2745 1259 2800 tamen

77 2845 137 2892 eum
153 2832 330 2893 convenisse
347 2839 401 2894 aut
415 2831 567 2894 salutasse
582 2831 702 2911 legitur,
717 2830 853 2892 nimimm
868 2830 938 2910 qnia
952 2829 983 2891 in
999 2827 1112 2890 diurnis
1128 2827 1259 2891 Herodis
1342 2882 1349 2893 .

75 2933 99 2980 m
121 2919 179 2982 hoe
200 2939 260 2981 nou
282 2921 354 2996 fuit,
378 2921 496 2982 omuino
521 2919 613 3000 igitur
632 2919 697 3000 jam
726 2925 875 2981 mortuum
898 2917 991 2980 fnisse
1016 2916 1176 2979 verisimile
1201 2922 1258 2978 est

80 3054 86 3081 ,
106 3009 185 3090 quod
200 3008 308 3090 Syriae
325 3017 425 3073 status
440 3017 575 3089 tempore
590 3010 697 3072 mortis
710 3006 842 3071 Herodis
864 3007 936 3069 talis
958 3006 1126 3087 aJosepho
1142 3004 1258 3067 descri-

75 3098 162 3160 mihil
178 3098 275 3161 miuus
292 3118 330 3160 ex
344 3100 395 3161 illo
412 3097 552 3178 colligere
568 3099 677 3179 possis,
693 3117 783 3180 quam
796 3096 1001 3178 praesentiam
1011 3095 1080 3176 caji
1094 3095 1125 3157 in
1135 3094 1260 3169 oriente,

75 3187 255 3251 destinatum
271 3187 396 3251 orientis
411 3194 568 3268 rectorem.
612 3187 708 3252 Venit
719 3187 821 3249 ‘Roma
835 3187 951 3261 Varus,
974 3203 1131 3248 successor
1147 3182 1258 3247 Satur-

75 3276 137 3338 aidi
153 3275 262 3356 Syriae
277 3277 387 3339 missus
403 3277 441 3358 ab
451 3267 601 3357 Augusto,
620 3296 680 3339 uon
696 3275 800 3356 aGajo
816 3275 941 3338 orientis
956 3283 1073 3337 rectore
1090 3274 1259 3353 designato.

75 3365 232 3427 utiochiam
247 3365 312 3428 abit
325 3365 356 3427 in
372 3374 546 3428 cousuetam
560 3366 733 3446 praesidum
747 3363 855 3446 Syriae
872 3365 982 3440 sedem,
1004 3384 1064 3427 uon
1081 3363 1120 3426 ad
1136 3361 1258 3442 Gajum3

75 3453 161 3516 rodes
176 3453 297 3534 legatos
313 3454 459 3517 scelerum
474 3454 526 3517 lilii
541 3450 665 3519 nuncios
680 3455 809 3517 Romam
824 3453 905 3516 uullo
922 3453 990 3533 Oaji
1005 3460 1155 3533 respectu,
1170 3449 1260 3513 nullia

85 3542 248 3612 mandatis.
291 3544 457 3625 Antipatro
480 3563 602 3607 reverso
623 3544 654 3606 iu
676 3535 824 3606 iudaeam
847 3549 880 3604 et
899 3542 1086 3623 periclitanti
1109 3548 1141 3602 et
1161 3539 1260 3602 omnia

76 3631 299 3712 rcnmspioieuti
314 3651 374 3694 uon
387 3632 471 3695 venit
484 3633 514 3696 iu
529 3640 661 3696 mentem
671 3631 764 3713 Oajus
779 3630 952 3694 moderator
967 3631 1102 3705 orientis,
1118 3628 1157 3691 ad
1173 3647 1259 3710 quem

75 3728 104 3782 ιι.
150 3720 262 3784 Omnia
283 3721 376 3801 igitur
397 3721 474 3784 haec
489 3730 579 3802 gesta
594 3730 666 3785 suut
687 3729 758 3786 ante
775 3719 842 3802 Gaji
866 3720 1028 3783 adventum
1042 3720 1073 3782 in
1089 3716 1210 3800 Syriam
1226 3724 1260 3779 et
1315 3712 1319 3732 ¹

75 3829 86 3871 1
101 3809 127 3872 is
143 3810 269 3872 orientis
285 3817 387 3873 rector
402 3811 578 3891 designatus
594 3820 684 3874 esset
973 3803 975 3808 ’
1288 3824 1290 3826 ’

75 3919 95 3961 e
117 3918 288 3981 agnoscens
304 3897 456 3985 Caluisius
476 3900 549 3962 illud
566 3916 688 3981 operam
703 3900 771 3978 dat,
792 3907 827 3962 ut
841 3899 965 3979 probet,
988 3896 1094 3978 Oajum
1114 3912 1193 3956 anuo
1208 3894 1259 3957 45.

75 3997 147 4051 rtem
172 3988 408 4067 adhucRomae
436 3989 545 4064 fnisse,
573 3997 608 4051 ut
630 3991 710 4052 circa
732 3995 928 4070 pentecostes
952 3988 1063 4050 festum
1085 3983 1258 4066 praesidere

75 4078 87 4140 i
100 4078 296 4149 Herodiauae
312 4078 459 4159 potuerit;
482 4078 551 4140 inde
574 4097 596 4148 e,
605 4078 735 4159 vestigio
752 4078 862 4142 abiisse
884 4077 915 4139 iu
931 4077 1084 4140 orientem.
1129 4071 1259 4144 Quodsi

75 4209 90 4242 .‚
112 4167 309 4230 satisfaceret
330 4168 471 4231 fortassis
494 4174 669 4248 argumento
691 4168 786 4249 primo
811 4166 964 4243 attentio,
985 4169 1258 4228 manerenttameu
1348 4218 1351 4225 ,

75 4265 133 4319 oet
148 4264 297 4339 quartum.
342 4255 494 4320 Calvisius
515 4256 607 4336 igitur
630 4257 719 4319 aliter
741 4264 848 4319 contra
863 4255 1025 4318 secundnm
1040 4252 1161 4333 excipit,
1182 4268 1258 4333 qnae

89 4346 297 4409 discutientur.
341 4346 376 4408 Iu
400 4364 546 4426 praeseus
569 4345 708 4409 adeunda
729 4346 816 4409 uobis
838 4351 887 4408 est
905 4345 1034 4409 historia
1047 4343 1202 4416 Romana,
1224 4344 1260 4402 ut

75 4435 169 4520 ipsum
185 4435 279 4497 etiam
293 4435 344 4498 45.
361 4451 469 4497 anuum
487 4435 654 4515 eripiamus.
676 4468 681 4474 «

75 4525 137 4586 sari
154 4520 284 4606 Octavio
301 4543 339 4586 ex
353 4524 453 4604 priore
469 4524 595 4603 conjuge
611 4522 772 4587 Scribonia
786 4529 861 4586 nata
874 4522 932 4586 luit
945 4522 1106 4598 filiaJulia,
1122 4518 1259 4584 exLivia

74 4632 109 4675 ou
122 4613 237 4689 habuit,
253 4613 307 4676 sed
321 4613 475 4693 privignos
491 4613 566 4675 duos
580 4614 712 4677 Drusum
728 4620 760 4675 et
773 4612 932 4675 'liberium
968 4612 1054 4675 Haec
1068 4612 1150 4676 Julia
1163 4615 1259 4691 nupta
1369 4628 1371 4633 ·
1463 4578 1466 4587 Ι

75 4720 136 4782 ipae
151 4702 226 4764 duas
241 4702 285 4764 illi
300 4702 420 4782 peperit
432 4702 513 4770 illias
528 4701 640 4764 Juliam
656 4711 688 4764 et
702 4701 909 4783 Agrippinam,
925 4708 958 4764 et
970 4702 1049 4765 filios
1063 4709 1136 4778 tres,
1152 4699 1259 4781 cajum
1382 4708 1388 4717 “

75 4791 119 4866 lt,
127 4791 250 4855 Lucium
267 4809 345 4854 anno
357 4789 398 4855 29
415 4798 449 4853 et
455 4791 626 4874 Agrippam
634 4792 834 4872 posthumum
858 4791 980 4857 Mortuo
989 4789 1259 4874 veroMAgrippa
1369 4866 1384 4877 Ἰ,
