3194 5482
15 326 56 352 m
173 257 195 324 4
505 352 509 359 p
606 328 608 335 ,
762 261 958 333 Prooemium.¹

260 421 308 483 De
333 420 521 485 calendariis
537 422 730 504 quaestiones
747 442 910 504 aggressus
931 430 980 486 est
993 422 1120 504 primum
1141 421 1239 484 literis
1261 422 1301 484 ad
1315 421 1511 485 Maestlinum
1583 469 1587 478 .

174 508 270 584 datis,
293 529 309 572 e
325 511 430 592 quibus
446 512 554 586 elucet,
568 512 730 574 inclinasse
745 512 908 593 Keplemm
924 513 964 575 ad
979 511 1184 593 accipiendum
1199 510 1412 574 calendarium
1428 509 1511 574 Gre-

173 599 337 677 gorianum.
383 599 444 662 cur
456 598 536 662 'vero
558 602 599 663 nil
616 602 652 664 de
668 601 730 663 ista
743 621 776 663 re
792 603 823 663 in
837 601 987 682 publicum
1003 600 1145 674 emiserit,
1161 600 1248 662 facile
1264 601 1425 682 apparebit
1439 619 1511 681 per-

173 688 389 766 pendentibus,
420 708 508 770 quam
531 690 694 752 obstinatis
720 690 827 752 animis
851 691 987 753 homines
1009 690 1204 753 Lutheranae
1225 690 1368 753 fonnulae
1385 689 1511 751 'addicti

173 796 281 856 novum
298 776 509 842 calendarium
524 781 739 842 recusaverint
784 778 927 842 cetemm
948 781 1043 843 refert
1057 778 1229 843 Hauscbins
1249 779 1281 840 iu
1296 778 1360 840 vita
1374 770 1509 859 Kepleri,

173 864 345 946 Keplemm,
364 886 430 929 cum
446 886 524 930 anno
544 867 627 932 1613
644 870 682 931 ab
698 869 884 949 Imperatore
900 869 1035 932 Matthia
1050 866 1173 930 comitia
1187 867 1303 948 imperii
1318 867 1509 929 Ratisbonae

171 963 276 1016 essent
290 954 421 1031 indicta,
442 956 473 1018 in
489 957 595 1038 quibus
609 958 690 1020 inter
711 958 772 1020 alia
794 959 831 1019 de
852 959 1066 1021 reformatione
1083 956 1258 1037 calendarii
1280 956 1510 1037 consultandum

171 1051 248 1117 erat,
262 1063 317 1125 per
332 1041 463 1125 speciale
478 1047 653 1108 mandatum
670 1042 713 1128 (d.
730 1048 757 1109 d.
773 1042 824 1111 29.
834 1048 908 1108 Dec.
927 1040 1170 1126 somvicum)
1187 1045 1295 1107 adesse
1307 1046 1425 1125 jussum
1441 1064 1510 1107 esse

171 1131 210 1193 ad
226 1133 253 1193 d.
270 1134 320 1194 24.
330 1134 454 1214 Aprilis.
492 1136 660 1210 „Ascendit
675 1136 808 1217 itaque“,
823 1136 924 1217 pergit
938 1136 1120 1210 Hanscbius,
1138 1135 1188 1211 „in
1203 1135 1352 1196 comitatu·
1366 1133 1510 1199 caesaris

169 1221 383 1297 Ratisbonam‚
399 1231 463 1285 tum
478 1225 557 1294 curis
573 1225 812 1299 connubialibus,
833 1234 896 1287 tum
912 1225 980 1287 aliis
996 1224 1126 1305 negotiis
1142 1224 1182 1285 ad
1199 1222 1371 1288 calendarii
1388 1242 1509 1286 correc-

169 1308 281 1373 tionem
297 1313 507 1393 spectantibus
530 1308 605 1396 (qua
628 1315 664 1376 de
681 1333 713 1377 re
738 1313 938 1395 „Dialogum“
961 1309 1109 1395 prolixum
1132 1312 1171 1375 ad
1192 1313 1354 1375 editionem
1368 1320 1512 1394 paratum

168 1394 304 1482 reliquit)
321 1401 366 1463 ita
381 1401 555 1478 distractus,
571 1411 605 1465 ut
620 1404 823 1468 astronomiae
838 1404 928 1485 plane
944 1403 1035 1466 fuerit
1049 1401 1191 1465 oblitus“.

258 1487 403 1560 Quamvis
425 1492 484 1553 hac
506 1493 543 1553 de
566 1512 658 1555 causa
672 1493 821 1574 Keplerus
843 1493 918 1554 nihil
940 1493 977 1553 de
992 1490 1205 1553 reformatione
1222 1490 1410 1564 calendarii,
1433 1508 1509 1571 quae

98 1590 102 1595 ‘
168 1587 233 1640 tum
242 1580 667 1662 temporismultos·agitabat
686 1582 846 1656 cumalios,
862 1580 1373 1661 tumvirosKepleroamicissimos,
1387 1580 1509 1642 Maest·
1536 1609 1538 1612 >

170 1668 262 1729 linum
276 1672 313 1729 et'
323 1669 579 1744 Hafenreilemm,
602 1671 819 1752 inprimendum
835 1678 970 1745 curaret,
992 1677 1095 1731 tamen
1111 1688 1178 1730 eam
1197 1669 1295 1750 ipsam
1310 1669 1348 1732 ob
1363 1688 1427 1732 rem
1443 1688 1460 1730 e
1476 1688 1509 1731 re

160 1757 254 1822 ,nobis
270 1776 338 1820 esse
353 1754 487 1833 videtur,
507 1759 647 1862 operibus
661 1760 786 1840 Kepleri
802 1759 1021 1840 chronologicis
1038 1758 1184 1840 quaedam
1205 1759 1242 1821 de
1259 1757 1441 1826 calendario
1457 1777 1508 1821 re·

168 1847 297 1909 formato
312 1848 542 1928 praemittere,
535 1849 580 1923 ris,
596 1867 672 1930 quae
688 1849 754 1930 ipsa
770 1850 807 1910 de
822 1850 880 1911 hac
897 1869 929 1912 re
945 1848 1017 1929 egit,
1034 1847 1155 1910 additis.

256 1937 435 1999 Astronomi
458 1956 517 2000 aec
539 1937 626 2001 XVI
647 1957 707 2000 non
729 1939 926 2042 ignorabant,
955 1938 1061 2019 quibus
1083 1936 1200 2000 mendis
1223 1943 1256 1999 st
1277 1935 1508 1998 difficultatibus

166 2026 349 2106 procedente
379 2034 515 2107 tempore
543 2027 640 2106 magis
667 2028 822 2110 magisque
851 2026 1074 2109 emergentibus
1097 2024 1312 2096 calendarium
1340 2024 1509 2106 antiquitus

167 2115 313 2182 traditum
326 2115 491 2179 laboraret.
527 2116 642 2179 Veram
657 2124 825 2198 temporum
839 2118 987 2181 rationem
1002 2135 1092 2198 quum
1107 2115 1295 2197 opinionibus
1310 2114 1425 2178 usitato
1442 2111 1508 2181 ,Ca-¹

165 2203 301 2268 lendan'o
317 2204 440 2266 traditis
462 2224 554 2287 saepe
569 2224 737 2287 repugnare
760 2207 914 2281 viderent,
937 2207 1047 2268 dudum
1068 2206 1105 2267 de
1121 2205 1308 2267 emendando
1324 2202 1507 2268 calendario

166 2293 355 2373 cogitantes,
377 2294 438 2356 alia
454 2302 544 2375 atque
560 2295 621 2357 alia
637 2296 821 2370 suadebant,
845 2296 939 2357 donec
960 2294 1163 2375 Gregorius
1185 2294 1329 2357 Pontifex
1350 2293 1506 2355 Romanus

167 2382 299 2444 dissecto
315 2383 394 2444 nodo
410 2402 554 2446 novamm
575 2386 849 2448 controversiamm
871 2393 977 2449 auctor
1000 2385 1155 2447 existeret.
1200 2383 1333 2445 Petrus
1348 2381 1508 2455 Pitatus,

164 2471 361 2546 Veronensis,
376 2473 531 2552 professor
546 2473 780 2537 mathematicae
796 2475 827 2536 in
843 2473 999 2536 academia
1012 2472 1237 2537 Philarmonica
1251 2472 1327 2534 med.
1344 2490 1404 2533 sec.
1419 2469 1508 2532 XVI.

166 2561 377 2627 astronomicis
400 2569 433 2623 et
457 2563 650 2643 astrologicis
671 2564 780 2625 studiis
802 2563 958 2637 addictus,
986 2581 1041 2642 pro
1063 2561 1142 2624 virili
1157 2566 1245 2642 parts
1267 2559 1508 2634 difficultatibus,

165 2668 240 2730 quas
257 2649 470 2714 calendarium
483 2651 637 2715 Juliamm
657 2652 840 2721 astronomis
856 2650 995 2726 afferret,
1017 2669 1174 2714 occurrere
1190 2657 1317 2712 conatus
1329 2666 1506 2728 summoque
1575 2694 1577 2697 ·

165 2739 205 2800 ad
226 2758 289 2802 rem
312 2739 509 2804 dirimendam
538 2741 641 2804 studio
662 2760 823 2826 accensus,
850 2742 932 2804 haud
959 2740 1120 2806 mediocris
1146 2738 1258 2819 ingenii
1287 2745 1319 2802 et
1347 2737 1506 2800 doetrinae

164 2829 330 2909 specimina
345 2829 455 2903 edidit,
477 2838 512 2893 nt
527 2849 602 2911 opus
625 2830 690 2910 ejus
712 2826 945 2913 (compendium
967 2848 1057 2910 snper
1078 2846 1178 2892 annua
1194 2826 1311 2890 Solaria
1333 2832 1424 2907 atque
1438 2826 1505 2888 Lu-

164 2918 247 2980 naris
261 2918 451 2999 quantitate,
467 2919 634 2984 Paschalis
655 2920 730 2982 item
752 2919 945 2989 solennitatis
963 2919 1055 2997 juxta
1076 2926 1196 2983 veteres
1212 2916 1358 2979 ecclesiae
1374 2933 1506 2978 canones

164 3007 380 3087 recognitione,
394 3006 582 3090 Romanique
599 3007 772 3073 calendarii
788 3008 1017 3072 instauratione
1032 3007 1174 3070 Veronae
1193 3000 1291 3086 1560)
1308 3004 1389 3066 haud
1404 3003 1505 3084 indig-
1565 3024 1572 3033 ’

128 3163 132 3167 „
164 3114 234 3157 num
253 3104 352 3170 esset,
375 3097 460 3177 cujus
482 3098 521 3159 ad
537 3098 707 3179 exemplum
723 3097 889 3178 Gregorius
906 3117 962 3159 sua
977 3103 1111 3160 mutaret
1125 3103 1158 3158 et
1172 3095 1376 3168 confirmaret,
1398 3112 1505 3175 quam-

59 3196 61 3200 ’
165 3204 268 3265 quam,
289 3194 324 3247 ιιι
338 3205 414 3267 qnae
431 3186 515 3266 operi
530 3186 652 3250 inerant
666 3188 746 3250 bona
761 3195 816 3251 aut
830 3207 890 3250 non
904 3187 1101 3268 vulgarentur
1115 3192 1170 3247 aut
1179 3180 1265 3264 justo
1279 3183 1377 3246 minus
1392 3182 1505 3263 proba·

164 3282 283 3349 rentur,
305 3275 416 3338 fusiore
432 3276 595 3357 eodemque
611 3277 800 3358 impeditiore
823 3276 941 3340 dicendi
964 3293 1074 3355 genere
1096 3275 1216 3357 factmn¹
1231 3292 1299 3335 esse
1321 3270 1425 3352 negari
1445 3272 1506 3334 nou

164 3370 276 3444 potest
320 3364 375 3427 Ille
392 3363 512 3445 quidem
526 3366 705 3429 Pontificem
719 3368 762 3429 Μ.
777 3367 863 3429 Pium
878 3366 932 3429 IV.
949 3358 1100 3446 appellat,
1122 3361 1385 3430 utcalendarinm
1400 3379 1505 3430 emen-¹

164 3452 230 3515 dari
244 3452 369 3532 jubeat,
393 3461 447 3529 „ut
468 3455 550 3534 vulgi
572 3456 824 3519 murmurationes
846 3455 1020 3529 sustuleris,
1041 3453 1249 3516 Hebraeorum
1268 3449 1515 3515 blacterationes.

79 3569 80 3573 ¹
164 3541 329 3603 obtrudas“
347 3543 399 3604 &a
442 3540 552 3619 ,Quod
565 3550 598 3606 tu
615 3545 702 3607 annis
717 3546 766 3607 his
782 3545 897 3606 dnobus
916 3542 1008 3618 1561,
1027 3542 1110 3606 1562
1127 3543 1232 3605 diebus
1247 3548 1365 3622 septem
1379 3539 1409 3602 in
1424 3550 1505 3609 anno

163 3631 347 3694 emensibus
362 3631 491 3696 totidem
513 3634 628 3696 dierum
643 3635 682 3697 31
702 3634 891 3703 clandestine
913 3641 946 3695 et
962 3632 1069 3696 furtice
1085 3625 1233 3712 surreptis
1253 3630 1373 3694 efficere
1387 3628 1505 3710 poteris

162 3725 195 3781 et
226 3720 263 3781 de
294 3740 383 3785 anno.
407 3720 491 3786 1600
529 3743 566 3785 ac
596 3722 720 3803 reliquis
750 3722 886 3786 contenis
917 3723 970 3784 dte.
1006 3740 1110 3784 ‚curam
1140 3719 1272 3801 posteris
1302 3718 1505 3799 relinquens“.

161 3807 182 3870 J
187 3827 214 3870 o.
230 3807 384 3873 Stadius
408 3806 454 3891 (in
470 3811 583 3873 tabulis
598 3811 811 3891 Bergensibus.
841 3810 906 3875 Col.
925 3805 1041 3890 1560),
1062 3810 1187 3873 Barth.
1203 3806 1504 3871 Schoenbornius

163 3891 210 3976 (in
226 3896 374 3979 computo
395 3900 608 3962 astronomica.
636 3901 767 3963 Witteb.
786 3893 896 3980 1567),
915 3901 936 3963 J
941 3920 967 3961 o.
983 3900 1191 3972 Paduanns,
1211 3897 1308 3961 Pitati
1329 3895 1504 3976 discipulus,

162 3986 349 4054 Veronensis
366 3982 413 4069 (in
427 3988 581 4052 Viridario
597 3989 891 4053 Mathematicomm
920 3990 998 4052 Ven
1016 3981 1116 4068 1563)
1139 3987 1249 4068 aliique
1271 3984 1360 4048 simili
1374 4004 1434 4065 qua
1448 3985 1504 4047 Pi·

163 4083 247 4139 tatus
268 4077 386 4143 ratione
410 4078 652 4141 emendationem
674 4078 889 4142 desiderabant
905 4077 1079 4142 calendarii
1097 4076 1226 4151 Juliani,
1248 4083 1280 4137 et
1301 4073 1505 4155 implorabant

162 4165 214 4234 alii
235 4166 408 4247 Principes,
430 4167 692 4242 aliiPontificem,
714 4176 750 4230 ut
769 4169 798 4232 J
815 4166 959 4232 caesaris
982 4167 1117 4247 exemplo
1142 4165 1212 4228 anni
1234 4164 1383 4228 rationem
1397 4180 1503 4227 emen-

161 4253 278 4317 darent.
317 4255 563 4319 Schoenbornius
584 4258 680 4338 quasi
672 4257 856 4361 desperans
879 4258 978 4321 addit.
1001 4256 1116 4318 Verum
1132 4255 1168 4317 de
1184 4254 1255 4317 his'
1246 4253 1395 4334 anquirere
1411 4259 1503 4332 atque

160 4343 219 4405 hoc
234 4345 323 4406 modo
338 4345 487 4409 disserere
502 4345 617 4408 licitum
634 4347 729 4409 estin
745 4348 866 4422 scholis,
882 4366 1004 4428 sperare
1021 4352 1123 4408 autem
1136 4343 1376 4408 emendationem
1386 4341 1504 4422 justam

160 4427 253 4493 hoc’
234 4455 358 4520 αμονσῳ
375 4442 408 4496 et
421 4434 533 4497 infelici
550 4434 651 4497 seculo
675 4443 708 4498 et
729 4436 812 4499 tristi
832 4455 932 4501 rerum
950 4435 1080 4499 omnium
1100 4433 1273 4496 confusione
1291 4430 1344 4495 vix
1362 4449 1503 4512 unquam.

160 4521 337 4603 Aloysius
357 4522 490 4598 Lilius,
513 4523 722 4587 calabrensis
732 4527 866 4588 medicus
890 4533 923 4589 et
943 4523 1190 4598 mathematicus,
1213 4521 1392 4602 Gregorio
1414 4520 1502 4583 XIII.

160 4610 300 4674 Pontifici
315 4611 453 4676 Romano
475 4614 668 4676 restaurandi
685 4613 860 4679 calendarii
883 4615 1032 4678 rationem
1053 4612 1226 4694 proposuit,
1248 4629 1337 4693 quam
1354 4629 1426 4687 ,cum
1447 4629 1503 4691 per

160 4699 238 4762 alios
252 4701 485 4766 mathematicos
498 4701 655 4766 Romanos
672 4699 703 4785 (I
708 4704 858 4784 gnatius
873 4704 995 4779 Danti,
1011 4703 1074 4766 ord.
1089 4701 1122 4764 S.
1131 4700 1290 4775 Dominici,
1302 4718 1430 4783 praeses
1444 4699 1503 4761 fnit

164 4789 282 4853 concssii
295 4790 329 4856 in
343 4790 422 4871 hunc
437 4791 525 4855 finem
542 4788 716 4874 convocati)
734 4803 799 4858 tum
814 4812 869 4875 per
885 4791 1192 4875 christophorum
1206 4787 1384 4865 clavium,
1404 4789 1501 4852 Bam·
