3194 5482
571 268 688 320 derebus
699 266 881 335 mmnolcglcla
1354 251 1396 316 77

147 413 231 476 Mars
253 411 337 475 mter
349 409 477 485 Chelas
497 411 619 493 Jupiter
640 412 723 475 cadit
745 412 782 475 ab
804 411 914 495 angulo
935 408 1083 487 decimae,
1105 411 1252 494 quialtus
1271 419 1321 476 est
1341 414 1396 477 de-

81 502 167 564 lurus.
198 501 331 584 Cumque
348 501 390 564 sit
403 501 608 582 retrogradus,
623 502 712 565 valde
727 502 873 584 premitur
888 523 907 565 a
921 500 1078 585 quadratis
1093 499 1217 565 Saturni
1232 511 1265 565 et
1278 503 1397 579 Martis,

13 637 14 640 ,
78 591 236 673 intorques
257 591 374 654 medius
397 598 453 653 est
488 591 595 653 Venus
617 598 667 654 est
689 592 744 654 sub
759 592 868 667 radiis,
889 591 1056 654 Mercurius
1071 590 1180 654 haeret
1201 592 1306 655 eodem
1321 593 1396 656 loco.

50 681 139 742 llam
154 700 240 762 quem
256 688 349 744 antea
365 680 497 743 directus
519 680 746 755 transmiserat,
767 701 845 744 nunc
866 680 1062 769 retrogradus
1081 680 1208 762 repetit,
1230 688 1263 743 et
1283 700 1396 762 paucos

75 777 133 832 ante
155 770 220 832 dies
242 770 442 834 stationarius
464 769 534 844 iuit;
558 777 779 851 proptereaque
801 766 888 834 tarde
910 777 1062 844 movetur,
1085 777 1260 844 cunctatur,
1281 771 1396 834 haeret.

73 859 145 921 llars
160 859 243 923 solus
259 859 396 924 dominns
411 858 481 923 MC
496 861 614 930 Meo
631 856 680 937 Θ.
698 859 733 933 Ω.
749 861 779 937 ii.
816 860 914 940 Signa
928 858 1003 922 lucis
1025 867 1057 921 et
1072 860 1264 923 tenebrarum
1279 861 1395 937 adven·
1408 919 1410 922 .

9 993 14 1087 q
70 949 203 1023 tatium,
225 949 333 1011 Venus
356 968 398 1011 se.
421 958 453 1010 et
466 949 647 1024 Mercurius,
670 956 741 1011 sunt
756 950 811 1013 sub
826 950 920 1012 radiis
936 955 969 1010 et
982 949 1092 1011 mundo
1108 949 1237 1012 obscura
1253 925 1396 1013 feruntur.

9 1153 12 1204 l

9 1232 11 1344 l

9 1013 119 1126 [Vel
133 1034 184 1116 Θ,
207 1041 248 1112 d,
270 1037 344 1112 Ωιι
363 1039 456 1117 §snb
472 1039 567 1101 Terra
582 1046 660 1100 sant
700 1040 850 1102 Humerus
866 1037 989 1140 Orionis
1004 1039 1125 1112 dexter,
1146 1038 1196 1119 qui
1211 1058 1278 1102 eum
1293 1034 1353 1101 21⁰
1369 1038 1396 1114 ὅ

72 1147 99 1189 ιι
112 1135 247 1208 tempore
264 1127 383 1201 occidit,
398 1127 517 1209 fulget
508 1148 538 1190 m
555 1146 672 1190 eccam

142 1217 373 1292 Verumtamen,
387 1224 423 1279 ut
437 1236 539 1280 verum
554 1217 661 1292 fatear,
668 1215 752 1280 liaeo
756 1217 858 1320 ‘ligura
872 1216 943 1279 mihi
959 1235 1018 1279 non
1033 1216 1153 1279 videtur
1162 1217 1294 1281 Lucano
1302 1215 1397 1280 satis·

9 1306 155 1368 iacere
178 1325 235 1386 per
255 1307 365 1369 omnia
394 1308 527 1370 Primum
549 1307 619 1386 quia
640 1307 775 1369 vaticinii
797 1305 972 1387 magnitudo
988 1296 1108 1369 ¹videtur
1130 1307 1248 1369 omnino
1272 1306 1397 1389 eclipsin

70 1395 187 1477 sliquam
202 1396 370 1476 respicere,
389 1416 450 1459 uon
464 1396 574 1471 nudum
591 1395 696 1458 Solis
687 1414 855 1476 mgressnm
869 1395 963 1471 inb,
984 1395 1164 1475 praesertim
1179 1414 1246 1459 cum
1260 1415 1320 1460 non
1337 1396 1399 1459 sint
1438 1438 1440 1445 ι

9 1519 11 1549 ι
68 1485 182 1565 partilea
197 1485 273 1547 mali
286 1493 436 1567 aspectus.
472 1485 590 1547 Deinde
612 1485 683 1568 quia
702 1493 727 1556 d
747 1503 807 1547 nou
827 1485 927 1547 estin
944 1494 996 1563 tn,
1017 1485 1095 1547 unde
1115 1494 1284 1549 venenatae
1301 1503 1397 1568 aquae

67 1574 190 1655 praedici
206 1583 343 1655 possent.
373 1574 477 1637 Tertio
493 1575 562 1656 quia
578 1575 615 1636 de
630 1574 688 1637 hoc
704 1573 764 1636 sita
779 1574 865 1636 Jovis
877 1576 941 1636 'non
957 1573 1195 1636 commodissime
1211 1574 1270 1637 diei
1284 1581 1398 1656 potest,

52 1664 165 1727 'inulto
181 1683 296 1727 occasu
310 1665 413 1745 premi.
444 1662 562 1735 Quarto
577 1663 648 1745 qnia
662 1663 735 1726 illud
739 1684 751 1737 ι
774 1662 878 1745 Sigae
891 1670 1011 1727 maurae
1025 1662 1187 1726 ἀιιιιιιιιι
1200 1683 1286 1739 auos,
1306 1684 1399 1727 ιιιιιι-

67 1753 153 1835 doqua
169 1755 305 1817 amessa
313 1757 472 1838 feranda,
487 1752 674 1815 incommode
690 1753 874 1833 explicatum
889 1760 946 1828 est,
960 1752 1119 1834 potiusque
1130 1753 1255 1834 eclipsin
1265 1753 1396 1836 aliquam

9 1901 10 1910 ,
68 1844 205 1906 denotare
220 1844 349 1919 videtur,
364 1843 461 1924 magia
477 1850 578 1905 antem
593 1840 675 1904 Solis
691 1849 780 1923 quam
794 1842 908 1905 Lunae.
932 1844 1038 1923 Neque
1055 1850 1156 1905 maren
1172 1843 1297 1923 eclipsin
1313 1843 1397 1906 liutu-

66 1952 120 2010 ram
134 1941 211 2013 post
224 1933 342 1996 initium
357 1932 438 2008 belli,
453 1933 523 2013 quia
538 1932 624 1994 dicit:
642 1929 690 2004 Si,
707 1930 840 2005 Phoebe,
855 1951 936 1995 ιιιιιι
949 1950 1105 2013 premeres
1112 1931 1258 1995 Leonem.
1284 1930 1397 2004 Quinto

66 2023 169 2086 militat
184 2022 284 2085 adhuc
306 2022 385 2084 ratio
406 2022 543 2104 superins
564 2021 675 2096 allata,
697 2021 843 2102 quodvis
865 2029 898 2083 et
917 2020 1053 2087 efficacia
1076 2021 1318 2087 constellationis
1337 2040 1398 2083 non

66 2112 190 2193 pendeat
206 2113 245 2190 ab
260 2112 400 2192 ingressu
413 2112 445 2175 in
459 2116 507 2189 ἶ),
527 2111 582 2175 sed
597 2119 699 2174 tamen
715 2110 884 2174 constitura
898 2118 995 2185 esset,
1015 2110 1150 2192 quamvis
1166 2111 1221 2174 Sol
1236 2111 1267 2174 in
1283 2117 1307 2188 tl
1326 2127 1397 2174 ιιι·
1488 2144 1491 2155 ·

143 2288 228 2362 Quia
248 2290 340 2371 igitur
364 2289 481 2354 omniuo
505 2289 625 2353 videtur
646 2289 770 2354 innuere
792 2289 917 2370 eclipsin
941 2289 1071 2372 aliquam
1086 2288 1168 2353 Solis
1189 2289 1264 2365 ιιι(
1286 2291 1399 2355 iactam

67 2375 140 2460 (cum
156 2382 195 2443 de
210 2380 408 2461 inundatione
423 2387 456 2449 et
470 2380 629 2443 venenatis
645 2379 730 2460 aquis
753 2380 835 2442 ausit
848 2372 1039 2459 vaticinari),
1061 2377 1232 2454 videamus,
1254 2399 1295 2443 an
1309 2379 1397 2443 novi-

66 2471 168 2533 lunium
184 2470 258 2533 anni
274 2470 324 2532 50.
339 2467 451 2531 mensis
465 2469 570 2531 Martii
587 2468 677 2531 fuerit
692 2468 871 2549 eclipticum.
915 2472 1063 2540 (οιιιιιιιι.)
1087 2467 1203 2533 Romae
1224 2466 1315 2550 igitur
1330 2488 1396 2553 me-

9 2543 10 2564 ³
70 2561 141 2622 dium
157 2559 282 2639 eclipsis
297 2559 403 2620 incidit
416 2558 446 2619 in
461 2558 566 2622 horam
585 2559 611 2619 l.
627 2565 698 2637 post
708 2557 789 2620 Solis
806 2576 954 2621 occasum.
977 2557 1172 2639 InHispania
1187 2558 1243 2620 sub
1258 2577 1399 2621 occasum

68 2648 143 2711 Solis
158 2649 218 2710 fuit
233 2648 354 2729 eclipsis
371 2645 410 2731 Θ
428 2648 466 2709 ad
482 2649 501 2709 2
518 2647 630 2727 digitos
646 2646 773 2722 circiter,
789 2648 869 2728 quod
884 2666 943 2709 non
959 2647 1071 2709 sufficit
1089 2647 1288 2727 magnitudini
1303 2665 1398 2710 even·
1460 2708 1465 2723 ,

9 2767 11 2783 ›
69 2743 118 2800 tus
162 2738 346 2811 Videamus,
375 2757 413 2799 an
438 2737 624 2816 praecedens
649 2735 843 2815 plenilunium
871 2737 951 2813 insi
982 2736 1074 2798 etiam
1104 2736 1196 2800 fuerit
1219 2736 1398 2816 eclipticum.

67 2832 210 2898 (calculus.)
240 2827 287 2890 At
308 2834 372 2888 tum
386 2826 466 2887 inter
481 2826 578 2887 locum
592 2824 697 2887 Lunae
718 2827 849 2888 medinm
871 2833 904 2887 et
924 2830 957 2896 si
978 2825 1046 2906 plus
1067 2825 1197 2887 interest
1218 2844 1306 2906 qnam
1331 2819 1398 2900 15⁰,

54 2915 147 2978 ¹Luna
169 2916 264 2997 igitur
283 2916 394 2978 nullam
415 2914 540 2995 eclipsin
561 2914 684 2995 patitur.
724 2915 840 2977 Verum
861 2934 957 2996 neque
978 2914 1128 2994 posterior
1151 2914 1271 2995 eclipsis
1293 2915 1401 2977 Lunae

68 3006 251 3086 quaerenda:
275 3005 345 3087 quia
361 3012 386 3075 (ι
402 3011 451 3065 ιιι
464 3005 495 3066 in
510 3008 549 3077 ,ιι
580 3002 811 3066 Consideremus
827 3003 919 3085 igitur
934 3022 1044 3067 annum
1060 3003 1111 3078 52,
1128 3023 1194 3066 cum
1209 3003 1397 3068 caudaDra-

68 3097 144 3157 conis
167 3102 220 3156 est
241 3094 321 3157 circa
345 3090 403 3156 10⁰
417 3091 460 3170 Υ.
490 3095 575 3156 Mars
597 3109 699 3155 meuse
714 3093 827 3156 Martio
849 3095 881 3155 in
900 3104 943 3173 ttJ.
987 3099 1134 3165 (cnonas.)
1166 3093 1285 3156 Incidet
1298 3093 1399 3156 media

68 3183 233 3265 conjunctio
248 3185 279 3246 in
293 3184 385 3247 horas
399 3182 552 3267 proximas
567 3188 638 3263 post
653 3200 808 3258 occasum,
831 3190 936 3263 estque
951 3184 1040 3246 Luna
1061 3184 1191 3246 nondum
1208 3202 1273 3245 cum
1293 3184 1398 3257 canda,

67 3294 152 3355 quare
184 3273 250 3354 ejus
272 3272 402 3335 latitudo
425 3270 687 3374 septentrionalis,
715 3291 805 3354 quam
833 3273 897 3352 ejus
918 3292 1030 3353 magna
1050 3273 1217 3354 parallaxis
1245 3273 1398 3337 diminuet

65 3364 128 3427 Erit
143 3361 199 3437 li
189 3383 223 3424 m
238 3366 279 3437 Π,
293 3358 313 3439 ii
329 3361 417 3435 in8,
440 3360 561 3443 eclipsis
575 3360 664 3463 inlp,
688 3360 759 3434 pin
775 3380 792 3423 o
808 3360 844 3439 Υ
860 3363 915 3425 sub
930 3362 1032 3426 radiis.
1077 3366 1224 3446 (cnonas)
1251 3362 1397 3426 Consulto

9 3484 12 3510 ,
67 3453 178 3515 calculo
195 3450 442 3531 deprehenditur,
463 3450 541 3533 quod
557 3448 639 3512 horis
656 3449 776 3513 circiter
792 3445 812 3514 'l
827 3451 1043 3532 postmodiam
1058 3452 1299 3531 conjunctionem
1314 3452 1397 3515 acci-

67 3543 114 3604 dat
128 3561 206 3604 vera
221 3542 299 3603 infra
313 3540 452 3615 Terram,
474 3559 566 3622 quare
582 3523 766 3603 deserendus
781 3546 831 3602 est
844 3541 905 3603 iste
921 3561 1017 3604 annus
1033 3542 1081 3603 vel
1095 3541 1216 3603 mensis
1246 3541 1399 3604 Videatur

67 3641 164 3694 tamen
178 3633 265 3694 locus
281 3637 315 3704 d,
330 3649 380 3710 qur
371 3586 518 3694 ιιι’,160
533 3630 586 3691 22⁴
601 3638 645 3707 ιιῑ.

145 3722 334 3788 Deseramus
350 3737 422 3799 ergo
438 3719 581 3800 eclipses,
604 3718 779 3781 deseramus
794 3719 949 3800 ingressus
964 3719 995 3780 in
1011 3719 1177 3782 cardinalia
1191 3726 1224 3782 et
1239 3719 1396 3801 confugia·

67 3828 124 3872 nus
140 3811 182 3873 ad
198 3808 392 3891 quaestiones
408 3807 621 3888 astrologicae,
642 3814 719 3870 tunc
731 3808 876 3890 temporis
895 3808 988 3870 valde
1003 3809 1144 3871 usitatas.
1174 3808 1256 3872 Sane
1275 3810 1396 3872 mathe-
1414 3877 1419 3889 ,

9 3961 10 3966 ,
66 3901 164 3963 nstici
179 3896 442 3978 Romani'magiae
451 3899 543 3978 juxta
557 3895 640 3960 fuere
657 3898 767 3974 dediti,
789 3896 868 3979 quod
883 3898 1024 3960 Lucanus
1047 3897 1139 3961 etiam
1155 3898 1192 3960 de
1207 3899 1313 3979 Figulo
1330 3907 1396 3961 tes·-

66 3992 120 4053 tari
134 3990 272 4063 videtur,
294 3988 346 4050 cui
360 4007 437 4049 mera
450 3988 526 4050 deos
539 3988 714 4069 nossesuit
749 3989 827 4050 Item
842 3988 955 4050 clarum
971 3986 1045 4050 dicit
1062 3982 1200 4051 ιιιιιιίι
1212 3988 1399 4050 maestitia
1532 4064 1535 4082 ,

9 4072 12 4082 *
65 4088 165 4153 ιιιιιι,
187 4077 324 4159 quamvis
340 4076 468 4152 dubium,
486 4079 571 4142 Deos
591 4079 708 4152 satane,
730 4096 769 4140 an
791 4077 942 4150 diabolum
964 4076 1120 4140 Numeros
1139 4086 1228 4142 satra
1240 4083 1398 4153 moventes,

66 4170 234 4231 carminave
258 4160 309 4246 (ut
328 4165 413 4245 Virg.
436 4166 617 4230 carminibus
638 4173 758 4230 vertere
782 4167 883 4229 sidera
903 4160 1018 4247 retro),
1045 4186 1084 4229 an
1106 4168 1252 4230 calculum
1269 4167 1397 4229 mathe-
1439 4164 1441 4169 ⁴

65 4259 204 4321 maticum
220 4256 312 4319 dicat
343 4254 434 4318 Certe
450 4257 644 4338 quaestiones
659 4256 893 4319 mathematicae
909 4264 942 4318 ιι
957 4264 1056 4318 sortes
1071 4257 1203 4343 reliquae
1223 4256 1288 4336 pari
1303 4274 1396 4336 passu

9 4346 11 4371 ¹
66 4349 226 4411 ambulant.
249 4343 417 4425 Hocigitnr
433 4346 477 4408 sio
487 4354 569 4409 esto:
586 4347 761 4423 consulatur
776 4365 865 4426 super
873 4344 1019 4427 prodigiis
1033 4345 1157 4425 Figulus
1173 4351 1206 4407 et
1220 4345 1398 4425 inspiciatur

9 4499 11 4507 J
66 4438 162 4500 thema
177 4438 274 4499 horae
297 4435 491 4514 quaestionis.
528 4434 605 4499 Cum
621 4442 722 4498 autem
743 4435 801 4497 fine
816 4434 994 4498 Decembris
1017 4442 1107 4505 dest
1121 4435 1153 4496 in
1167 4429 1228 4498 27⁰
1243 4443 1305 4510 ἓ,
1326 4440 1398 4515 post

9 4550 10 4559 ι
67 4527 123 4590 dies
144 4544 262 4609 pancos
286 4523 369 4586 solet
389 4543 456 4586 esse
477 4524 509 4586 in
530 4524 677 4606 principio
700 4533 735 4604 ιιῑ
757 4531 791 4586 ιι
812 4520 909 4587 adhuc
930 4523 1011 4585 inter
1032 4523 1144 4585 clrelas.
1181 4523 1286 4586 Talem
1306 4523 1398 4604 igitur
1494 4584 1499 4593 ,

66 4616 136 4680 diem
151 4617 313 4697 eligamus,
329 4630 379 4693 qur
371 4612 507 4676 habeat
521 4614 604 4688 illum
619 4622 776 4696 aspectum
791 4609 948 4695 tragicum.
977 4613 1008 4674 Is
1024 4619 1126 4674 autem
1142 4612 1260 4674 alins
1235 4631 1316 4676 crrca
1330 4613 1397 4676 dic·
1468 4611 1473 4620 “

9 4725 11 4791 J
66 4712 154 4770 torum
176 4716 353 4785 temporum
372 4704 499 4765 confinia
520 4704 591 4785 eligi
613 4722 673 4766 non
694 4709 813 4783 potest,
835 4722 924 4785 quam
943 4700 1117 4767 undecimus
1140 4703 1208 4764 ab
1199 4720 1340 4783 rngressn
1355 4699 1395 4781 Q

9 4795 10 4864 J
67 4795 92 4858 in
104 4801 144 4874 ᾖ,
158 4815 229 4862 eum
245 4791 305 4859 Sol
321 4792 362 4854 ad
375 4786 449 4876 Ui
463 4792 632 4875 pervenit,
623 4811 655 4856 m
672 4791 762 4869 eli
791 4795 939 4868 (culmus.)
964 4788 1065 4862 Quare
1080 4798 1116 4854 nt
1125 4792 1316 4868 concludam,
1331 4812 1398 4856 cum
1469 4860 1472 4865 ,
