3112 5474
186 269 251 346 356
603 259 605 262 ¹
686 286 726 339 De
738 258 910 339 hanimatus
922 286 1025 347 Christi,

241 480 244 489 .
273 432 359 496 Satis
373 432 467 515 igitur
482 432 721 495 demonstratum
734 437 824 512 puto:
849 436 968 514 veteres
983 432 1103 506 Patres,
1119 430 1273 493 diversum
1290 451 1310 492 a
1324 448 1370 491 me
1386 428 1501 491 calculum
1554 435 1556 451 ¹

97 559 100 563 <
186 529 323 598 secutos,
345 539 533 604 nequequam
554 521 599 583 sic
621 539 688 582 esse
710 519 870 600 legendos,
891 526 927 582 ut
948 520 998 603 qui
1020 539 1058 583 ex
1081 519 1237 583 destinato
1254 519 1437 582 contrariam
1454 516 1504 579 mibi

185 612 367 676 sententiam
382 612 581 693 profiteantur
596 617 628 672 et
642 617 849 690 propugnent3
872 628 965 692 quare
981 609 1095 679 frustra
1110 609 1179 671 illos
1200 609 1240 671 ab
1256 609 1440 671 adversariis
1453 606 1506 669 ucis

183 700 214 763 in
230 721 302 764 suas
322 708 428 783 partes
442 698 587 782 pertrahi.
631 699 737 778 Neque
761 699 840 762 enim
854 700 965 761 Patres
980 718 1079 761 mecm
1101 698 1333 782 reprehendunt
1347 699 1507 777 interprete

100 814 103 826 ·
183 789 296 873 tionem
318 788 433 852 numeri
457 789 570 871 ,quasi
589 785 758 870 tripietff,
781 789 834 850 sed
857 788 914 869 ipsi
931 788 1011 850 omni
1034 788 1098 868 ejus
1112 787 1373 870 interpretatione
1390 804 1508 866 superse·

180 879 300 954 derunt,
315 879 385 960 quia
400 879 431 941 in
445 896 563 954 causas,
578 897 631 941 cur
647 884 731 940 esset
745 877 958 959 interpretatio
974 878 1155 961 quaerenda,
1170 896 1231 941 non
1247 877 1430 952 inciderunt,
1444 895 1511 938 secus

60 984 63 993 ·
183 980 273 1051 quam
287 987 342 1030 nos
357 968 456 1030 hodie.

271 1054 386 1128 Quodsi
408 1055 576 1138 perrexerit
592 1053 744 1119 Calvisius
767 1055 851 1118 abuti
873 1060 993 1138 patrum
1017 1055 1216 1130 auctoritate,
1240 1054 1328 1118 dicet
1349 1054 1442 1135 igitur
1456 1072 1513 1133 quos

182 1146 284 1228 potius
300 1147 463 1229 sequatur?
493 1146 574 1209 Num
587 1144 709 1226 primos,
733 1143 783 1227 qui
799 1163 910 1207 annum
925 1143 977 1206 43.
991 1145 1144 1208 Juliannm
1160 1144 1299 1208 habent?
1331 1145 1383 1207 Au
1399 1142 1513 1225 posteri

184 1254 261 1311 ores,
277 1236 327 1317 qni
343 1241 453 1299 annum
468 1234 531 1296 44?
561 1235 613 1297 An
629 1235 707 1297 forte
723 1232 886 1316 Sulpitium
901 1233 1056 1310 Severum,
1079 1235 1128 1317 qni
1144 1251 1255 1296 aunum
1271 1234 1338 1295 42?
1368 1233 1422 1295 An
1436 1232 1514 1312 magis

183 1325 330 1388 ecclesiae
346 1324 543 1389 occidentalis
559 1342 738 1387 consensum
752 1323 834 1386 mille
851 1343 1005 1399 annorum,
1021 1343 1098 1405 quae
1114 1342 1224 1386 aunum
1239 1322 1304 1385 45?
1336 1323 1389 1386 An
1406 1321 1514 1402 denique

181 1414 368 1496 Dionysium,
384 1415 448 1495 ejus
459 1415 621 1488 doctorem,
637 1412 692 1476 sed
706 1431 865 1494 perperam
880 1412 1075 1488 intellectum,
1090 1413 1140 1495 qui
1150 1431 1260 1475 aunum
1277 1411 1331 1476 46.
1347 1412 1515 1484 tradiderat

181 1511 217 1565 nt
238 1504 435 1585 sequeretur?
467 1500 547 1573 Quin
566 1501 625 1565 imo
641 1510 804 1583 supersunt
825 1502 1043 1584 multoplures
1067 1503 1222 1582 opiniones
1239 1510 1379 1565 aetatem
1402 1515 1434 1562 et
1446 1500 1513 1581 ipsse

182 1592 349 1672 habentes,
378 1590 546 1655 incredibili
572 1609 718 1654 annorum
740 1611 863 1655 numero
895 1591 1101 1654 enormissime
1131 1611 1167 1653 ao
1191 1591 1324 1653 invicem
1348 1590 1514 1660 differentes

182 1680 362 1763 scriptorum
377 1681 589 1744 historicorum
611 1689 644 1743 et
659 1680 946 1756 ecclesiasticorum,
969 1681 1051 1743 inter
1067 1700 1176 1743 annum
1192 1680 1312 1744 Christi
1328 1682 1397 1742 400
1412 1688 1444 1741 et
1457 1679 1513 1750 900,

182 1788 257 1854 quas
272 1771 350 1847 vide,
372 1771 398 1834 si
413 1771 506 1846 lubet,
529 1771 609 1852 apud
623 1770 820 1833 Herwardum
835 1771 923 1853 inque
940 1770 1152 1850 chronologico
1168 1789 1276 1832 recens
1293 1771 1389 1832 edito.
1435 1766 1513 1839 Quem

180 1860 274 1940 igitur
287 1860 477 1942 potissimum
493 1879 617 1942 sequar,
638 1858 762 1935 Calvisi,
779 1861 805 1922 si
820 1859 947 1941 plurium
963 1878 1111 1935 consensu
1128 1859 1292 1922 standum?
1319 1859 1426 1922 desine
1440 1858 1513 1938 igitur

182 1957 215 2011 et
232 1956 265 2013 tu
282 1969 385 2013 aeram
403 1951 579 2013 hodiernam
600 1949 694 2012 totius
711 1948 879 2012 occidentis
900 1969 955 2011 usu
971 1949 1177 2011 confirmatam
1198 1949 1302 2011 ditare
1322 1948 1451 2012 biennio.
1488 1944 1512 2007 Si

181 2039 402 2121 antiquiorum?
433 2058 486 2101 cur
500 2039 593 2120 igitur
608 2046 712 2100 aetate
728 2038 788 2100 illis
803 2038 934 2113 maximi,
950 2039 1116 2101 sanctitate
1131 2057 1232 2118 pares,
1251 2038 1424 2101 eruditione
1440 2047 1511 2116 supe·
1554 2039 1555 2043 ’

182 2129 279 2191 riores
295 2129 363 2192 illos
380 2127 477 2202 secuti
492 2147 552 2191 non
569 2127 661 2189 sunt?
683 2124 768 2197 Quae
778 2128 855 2191 haec
870 2147 957 2203 nova,
969 2126 1093 2201 Calvisi,
1109 2127 1224 2209 religio,
1239 2146 1334 2209 quam
1344 2128 1383 2189 ab
1392 2124 1511 2195 Eusebio,

181 2217 374 2299 Hieronymo,
390 2217 548 2298 Dionysio,
562 2217 711 2291 Mariano,
720 2216 887 2303 Regipone,
896 2217 1235 2291 Annonio,Hermanno
1247 2215 1429 2290 Contracta,
1438 2215 1510 2294 Sige

181 2306 277 2381 berto,
291 2307 425 2369 Maximo
436 2296 595 2380 bionacho,
610 2306 736 2368 infinitis
751 2306 829 2381 aliis,
845 2306 971 2387 denique
989 2307 1026 2369 ab
1036 2306 1199 2369 universali
1216 2306 1389 2369 occidentis
1404 2303 1510 2367 ecclesia
1552 2340 1555 2349 ‹

181 2414 240 2457 non
257 2395 434 2458 didicimus?
466 2395 528 2460 Gur
542 2395 631 2462 hodie
648 2396 764 2458 facinus
780 2404 829 2458 est
844 2395 875 2458 in
889 2396 1052 2476 primorum
1066 2396 1193 2458 Petrum
1207 2395 1359 2460 calculum
1375 2395 1509 2477 inquirere,

159 2484 260 2566 ‘quod
283 2485 420 2548 omnibus
443 2492 525 2549 retro
549 2484 658 2551 seculis
681 2486 814 2547 secunda
835 2485 917 2547 sama
932 2484 1017 2548 licuit
1038 2485 1270 2565 factitatumque
1295 2493 1347 2547 est
1361 2492 1449 2547 muta
1462 2500 1507 2543 cun

181 2574 348 2649 varietate,
372 2594 438 2638 cum
454 2593 541 2636 nemo
557 2572 758 2655 posteriorum
772 2582 882 2637 contra
896 2574 1031 2637 rationes
1054 2582 1283 2637 antecessorum
1299 2575 1418 2638 calculo
1433 2568 1506 2635 tencu'

180 2662 296 2726 uellet?
328 2662 383 2727 Sin
407 2672 509 2726 autem
530 2662 598 2726 ideo
619 2663 781 2743 primorum
795 2665 922 2727 Pattum
937 2663 1053 2726 calculo
1070 2663 1212 2727 standum
1227 2663 1399 2739 existimas,
1420 2660 1506 2744 quiris

63 2778 68 2788 ’
180 2751 348 2816 rationibus
369 2752 479 2828 vincit,
502 2752 605 2815 desine
628 2751 721 2833 igitur
742 2771 870 2834 crepare
882 2753 1100 2828 auctoritatesr
1123 2752 1164 2815 ad
1185 2753 1362 2815 conflictum
1380 2753 1504 2816 rationm

181 2841 332 2904 descende
349 2841 414 2905 sine
424 2843 483 2904 hoc
498 2842 659 2904 comitatu:
675 2841 746 2922 quin
760 2841 820 2904 imo
835 2843 935 2905 victus
952 2862 1032 2904 eme
1048 2842 1216 2906 rationibus
1226 2842 1412 2917 melioribus,
1425 2840 1503 2903 desine

180 2930 252 2994 mihi
268 2950 371 2993 creare
385 2931 528 2994 invidiam
545 2932 583 2995 ob
598 2932 708 2994 Patres
725 2932 872 2994 desertos.
901 2931 1069 3012 Perpende,
1084 2932 1229 3012 quantulo
1245 2939 1280 2994 tu
1296 2950 1345 2994 me
1362 2933 1405 2995 sis
1420 2936 1501 2993 aucto

180 3020 322 3084 ritatdrus
344 3020 538 3096 instructior,
560 3020 705 3103 quantulo
727 3019 824 3101 major
847 3020 937 3084 turba
961 3039 1078 3097 eornm,
1099 3042 1118 3083 c
1142 3021 1249 3103 quibus
1270 3020 1338 3102 ipse
1360 3014 1500 3085 mutio?

181 3109 289 3172 Nonne
305 3109 400 3185 vides,
415 3116 480 3174 tres
496 3110 537 3173 ed
552 3128 697 3173 summum
713 3117 768 3174 eut
782 3117 911 3192 quatuor
926 3111 1106 3174 altrinsecus
1122 3110 1312 3174 desiderari?

741 3463 860 3566 Caput
884 3462 969 3540 XV.

196 3656 197 3659 ’
228 3638 299 3716 Quo
313 3645 463 3721 tempore,
484 3642 596 3722 quibus
610 3642 825 3706 oecmzbmhes
845 3649 875 3706 et
895 3663 955 3724 quo
970 3649 1096 3706 auctore
1117 3644 1257 3718 inveniet,
1279 3665 1342 3727 quac
1363 3644 1469 3708 iteruin
1534 3687 1536 3692 -

287 3749 379 3793 rreum
392 3738 516 3812 recepta
536 3732 580 3794 eit
599 3752 622 3794 a
636 3730 827 3800 &bisontis
842 3730 1083 3795 occidentalibus
1095 3753 1175 3796 aero
1189 3744 1338 3810 marea}
1361 3754 1421 3816 quc

525 3820 675 3902 hodieque
688 3822 819 3886 mmor:
842 3821 897 3884 ubi
910 3830 942 3886 et
955 3823 994 3886 de
1011 3821 1064 3887 die
1077 3821 1188 3888 muli.

272 3994 389 4060 Contra
409 3997 535 4061 Patrum
564 3999 778 4063 auctoritatem
805 3998 993 4081 excepimus,
1021 4001 1229 4083 excipiendum
1255 4021 1335 4065 nnnc
1360 4009 1408 4064 est
1429 3999 1496 4062 eurr

86 4125 90 4141 .
184 4092 291 4148 contra
304 4085 504 4151 universalem
519 4088 667 4151 ecclesiae
688 4082 1055 4171 hodiernae'computum
1080 4091 1159 4172 quod
1174 4111 1267 4171 supra
1282 4092 1403 4173 quidem
1421 4087 1496 4169 capii?

182 4174 238 4248 IV.
252 4175 419 4255 coepimus,
440 4177 487 4239 usi
503 4177 543 4239 ad
556 4177 614 4240 hoc
630 4180 813 4241 auctoritate
835 4180 894 4242 hac
909 4181 978 4262 ipsa
992 4180 1119 4245 Petrum
1134 4180 1355 4262 antiquiorum:
1374 4182 1434 4262 jam
1446 4188 1496 4239 reru

184 4263 454 4328 consummabimus
469 4267 640 4330 detectione
655 4267 779 4348 originis
795 4269 912 4333 erronei
928 4269 1043 4332 calculi.

194 4432 195 4439 ἵ
272 4352 361 4425 Quod
377 4355 455 4443 enim
475 4377 495 4418 a
508 4375 556 4418 me
570 4356 704 4438 meisque
720 4356 894 4421 doctoribus
914 4358 1051 4440 postulat
1067 4357 1234 4433 Calvisius,
1257 4368 1292 4424 ut
1314 4358 1497 4422 aronnaco

183 4444 310 4507 Petrum
324 4444 420 4507 secuti
435 4444 570 4508 rationes
586 4464 689 4508 omnes
705 4447 865 4510 obstantes
881 4454 1120 4511 contemnamus:
1144 4447 1176 4509 id
1196 4448 1365 4530 scriptores
1380 4443 1496 4510 ccclesia-

184 4531 264 4608 stici,
279 4554 299 4595 a
314 4533 421 4615 quibus
435 4534 611 4598 hodiernam
626 4554 729 4598 aeram
744 4543 867 4599 constat
881 4537 1099 4612 introductum,
1121 4557 1312 4621 nequaquam
1328 4539 1384 4602 sibi
1399 4548 1495 4625 serrruj
1514 4533 1515 4543 ’

177 4621 255 4684 dum
271 4641 338 4685 esse
354 4632 549 4687 censuerunt:
572 4623 748 4706 posthabito
772 4626 851 4688 enim
866 4627 1002 4706 exemplo
1019 4626 1197 4692 Tertulliani
1214 4635 1446 4708 ceterorumque,
1463 4631 1494 4698 qu

119 4706 123 4715 '
185 4711 313 4791 triginta
334 4714 489 4792 praecisos
512 4734 607 4777 annos
630 4714 669 4777 ab
692 4734 770 4777 auno
789 4716 838 4779 lb.
853 4715 966 4779 Tiberii
988 4723 1069 4778 retro
1086 4716 1300 4795 extenderant,
1320 4718 1377 4799 ipsi
1390 4712 1492 4777 rarione
1547 4715 1549 4719 ·

185 4798 291 4863 Lunae
316 4800 411 4864 secuti
435 4801 594 4868 artificiale
615 4803 717 4885 potius
739 4804 916 4888 minimeque
937 4803 1091 4870 historicis
1104 4805 1233 4887 Josepbi
1254 4803 1442 4872 monumentis
1456 4795 1490 4856 ⁸⁰³
1539 4804 1542 4822 '¹
