3112 5474
187 216 251 284 ³28
688 234 1026 306 permansissemus

186 381 336 446 tacuisset
351 379 429 445 enim
444 381 501 443 hoc
518 377 661 455 Ovidius,
689 395 750 442 non
763 381 888 460 puerum
910 378 1106 462 appellasset
1132 372 1133 379 '
1153 375 1234 443 Cras
1253 378 1314 443 ate·
1331 379 1502 463 ιιιιιιιιιιι
1546 436 1548 452 ,

186 472 270 535 canit
285 470 421 546 Ovidius,
429 471 553 552 fratres
566 465 717 531 ιιιιιιιιι
737 467 853 543 laesos,
874 468 1049 551 intelligens
1070 470 1149 532 forte
1163 468 1320 532 ‘liberium
1341 478 1374 531 et
1390 469 1504 546 Drusum

185 561 318 642 Augusti
339 561 509 641 privignos,
538 577 661 639 quorum
682 557 819 620 'liberius
842 565 875 620 et
895 558 1021 621 vitricus
1043 566 1112 622 erat
1134 556 1210 638 Gaji.
1242 558 1393 621 Armenia
1412 556 1505 621 enini
1545 563 1547 637 j

185 646 305 714 'lihirio
322 649 444 723 domita,
459 667 516 729 quo
533 654 668 727 tempore
690 646 730 708 ad
744 647 879 710 Parthos
895 646 1016 721 defecit,
1036 647 1150 711 'liberii
1163 645 1325 728 provincis
1341 654 1415 710 erat
1444 648 1506 710 Her·
1545 661 1555 697 2

183 739 302 802 viardus
324 737 469 818 intelligit
485 737 620 799 uterinos
637 734 720 816 caji,
741 735 867 799 Lucium
882 741 915 799 et
928 736 1098 834 Agrippam
1113 755 1234 817 pueros.
1275 737 1324 800 At
1340 755 1505 818 cureospe
1545 731 1548 808 l

184 828 332 892 tissimum
347 827 551 905 ulcisceretm,
567 843 660 887 causa
676 824 759 888 nulla
774 821 912 907 apparet.

274 916 350 979 Cum
365 916 458 997 igitur
474 914 556 976 exitu
573 934 643 975 annu
635 913 710 976 44.
719 913 857 977 Τιιιιίιι
872 921 1060 996 potestatem
1075 913 1265 977 tribunitiam
1280 913 1507 996 quinquennalem

185 1005 385 1086 deposuisset,
403 1003 540 1084 Cajus
511 1003 644 1065 vrcissim
660 1011 692 1064 et
706 1002 819 1066 Lucius
835 1004 1023 1069 corroborati
1039 1003 1202 1067 secundum
1216 1003 1320 1066 locum
1337 1004 1377 1066 ab
1391 1004 1505 1084 Augusto
1549 1073 1552 1077 y

183 1095 272 1158 facile
289 1101 477 1156 tutarentur:
501 1092 639 1155 'liberius
656 1092 866 1155 aemulationis
880 1091 1040 1156 materiam
1055 1112 1088 1155 se
1104 1093 1184 1156 inter
1204 1100 1238 1155 et
1254 1091 1367 1174 (isium
1382 1093 1506 1155 sublatam
1546 1133 1547 1155 i

184 1184 344 1258 simulans,
366 1189 553 1269 potestatem
575 1181 719 1244 'redeundi
739 1181 869 1244 Romam
892 1183 930 1245 ab
951 1182 1093 1263 Augusto
1117 1181 1243 1263 petivit;
1275 1181 1359 1264 quod
1385 1201 1447 1244 cum
1464 1201 1505 1244 ιοι
1545 1181 1547 1260 ζ

181 1272 388 1353 impetrasset,
404 1271 456 1333 diu
470 1268 631 1333 sollicitam
645 1270 793 1334 inRhodo
808 1270 904 1333 vitam
919 1271 996 1353 egit:
1019 1270 1148 1334 maxime
1166 1272 1335 1334 accedente
1352 1270 1419 1352 Caji
1432 1273 1504 1334 ofen-
1543 1302 1547 1330 ;

138 1382 139 1385 ’
184 1361 276 1437 ιιοιι,
293 1361 330 1423 de
347 1360 481 1442 qua'jam
495 1359 601 1442 statim
616 1358 734 1440 aliquid,
744 1369 894 1441 sequetur.

256 1452 316 1515 ne
332 1449 528 1531 profectionis
539 1447 606 1528 Caji
622 1456 757 1530 tempore
773 1469 823 1511 res
834 1455 882 1512 est
896 1448 1065 1512 clarissima
1075 1448 1155 1529 apud
1163 1448 1374 1523 Patercnlum,
1388 1448 1504 1511 incidisse
1543 1466 1548 1531 ι

181 1560 249 1603 eam
269 1540 301 1603 in
322 1539 522 1620 posteriorem
540 1545 661 1619 partem
683 1537 753 1599 anni
767 1538 827 1601 Jul.
837 1538 889 1600 44.
928 1537 1022 1618 Caius
1045 1537 1124 1599 enim
1144 1537 1246 1601 Roma
1266 1539 1439 1618 profectus,
1458 1557 1504 1600 cun
1542 1604 1546 1629 Ι

108 1620 132 1716 ,’
180 1631 213 1692 ιι
227 1628 335 1694 Asiam
357 1625 667 1702 venisset,·'l'iberius
681 1621 791 1689 Rhodo
813 1626 958 1690 transivit
976 1627 1007 1689 in
1030 1626 1139 1691 Chium
1161 1620 1213 1706 (ut
1235 1623 1336 1707 Dion)
1361 1635 1393 1690 et
1408 1627 1505 1690 Sanun
1542 1631 1546 1707 l

182 1714 233 1798 (ut
249 1713 429 1800 Suetonius)
447 1717 511 1797 ejus
527 1715 682 1802 salutandi
698 1735 807 1778 causa:
824 1714 915 1797 atque
932 1716 960 1778 ei
971 1714 1065 1797 (lajus
1080 1723 1116 1777 ut
1131 1715 1287 1796 superiori,
1303 1717 1404 1798 inquit
1417 1718 1503 1779 Pater·
1542 1712 1544 1789 ξ

183 1808 276 1883 culus,
292 1826 408 1869 omnem
424 1806 567 1883 honorem
585 1804 729 1868 exhibuit
760 1805 819 1868 At
833 1803 916 1868 nulla
932 1824 965 1867 re
980 1804 1119 1868 ‘liberius
1136 1803 1212 1884 Cajo
1229 1805 1371 1887 superior
1385 1807 1446 1879 luit,
1464 1804 1504 1867 nisi

180 1896 355 1961 tribunitiae
377 1893 544 1978 potestatis
567 1893 719 1956 consortio
743 1913 808 1956 cum
831 1894 1079 1975 Augustusne
1102 1893 1238 1975 seposita
1261 1894 1414 1999 dignitate
1434 1894 1503 1975 Cain

184 1994 216 2049 et
231 1994 333 2048 rector
349 1984 473 2048 orientis
490 1991 522 2045 et
538 1983 615 2046 dux
606 2003 637 2045 ιι
644 1982 778 2045 Parthos
792 1990 827 2044 ιι
837 1983 907 2048 Cos.
923 1982 1103 2064 designatus
1117 1991 1200 2058 erat;
1215 1991 1252 2045 ut
1266 1983 1422 2064 privatam
1433 1988 1543 2080 praej

180 2075 352 2179 rogativam
368 2081 503 2148 taceam,
523 2072 602 2154 quod
617 2071 710 2154 Oajus
725 2071 858 2153 Augusti
880 2088 919 2135 ex
934 2080 1044 2154 nepote
1064 2071 1143 2134 filius
1163 2073 1279 2136 ascitus
1300 2081 1378 2148 erat,
1393 2040 1548 2154 Tiberini

104 2225 107 2243 ,
181 2183 344 2246 pnvrgnus
390 2161 469 2224 Post
491 2121 581 2224 finem
603 2181 675 2224 vero
701 2161 771 2224 anni
795 2159 850 2224 44.
868 2161 989 2225 'liberio
1019 2162 1158 2225 exiverat
1186 2169 1333 2262 potestas
1365 2140 1542 2247 tribunitii

179 2254 261 2334 Ergo
278 2259 350 2314 ante
366 2251 455 2314 finem
471 2271 542 2313 annu
533 2251 608 2313 4’4.
625 2249 743 2331 Cajus'
733 2270 765 2313 ιι
778 2240 857 2314 Asis
872 2251 937 2314 fuit

269 2340 420 2404 Calvisius
436 2339 486 2403 fol.
503 2339 554 2402 28.
576 2340 751 2420 Epistulae,
780 2347 815 2402 ut
837 2338 945 2420 GaJ'um
968 2358 1047 2403 anno
1070 2339 1121 2403 45.
1143 2340 1261 2403 Reum
1283 2338 1400 2402 habere
1419 2337 1502 2420 possit,
1535 2300 1556 2512 i

181 2430 348 2495 discessum
370 2430 435 2510 ejus
458 2430 496 2491 ab
512 2429 584 2492 urbe
608 2428 817 2491 accommodat
831 2429 882 2491 fini
898 2449 968 2492 annu
960 2428 1049 2503 45.
1069 2428 1129 2491 hoc
1143 2449 1216 2491 usus
1232 2437 1460 2510 argumento,q
1461 2426 1501 2489 nol

180 2518 344 2585 Suetonius
359 2520 454 2591 vitam
463 2517 652 2598 Tiberiijam
666 2516 787 2598 privati,
803 2537 893 2622 quam
909 2518 973 2599 egit
981 2516 1084 2580 Rhodi
1098 2538 1154 2599 per
1162 2517 1328 2593 brenmum,
1344 2512 1540 2637 describens

179 2610 276 2676 utitur
296 2608 398 2672 verbis
419 2608 518 2670 hisce:
543 2615 572 2670 et
592 2614 789 2670 accesserant
807 2607 939 2691 majoris
959 2606 1193 2671 sollicitudinis
1208 2626 1335 2671 causae.
1385 2586 1556 2738 ampl.

174 2700 354 2782 priuignam
372 2695 484 2780 Oajum
499 2696 612 2759 arisati
622 2696 846 2778 praepositam,
863 2716 932 2760 cum
946 2696 1069 2760 visendi
1083 2716 1181 2759 causa
1196 2697 1374 2781 trajecisset
1389 2681 1556 2767 saus*
1534 2744 1539 2818 3

58 2808 60 2822 ¹
143 2825 146 2835 «
180 2786 363 2854 ιιὶειιιοιοιι
376 2785 553 2860 ιιιιιιιιιιι,
572 2784 742 2866 etreliqua.

266 2875 433 2939 Hincvero
450 2873 601 2938 Calvisius
617 2893 678 2939 uon
691 2874 804 2954 probat
817 2874 1000 2949 necessario,
1016 2872 1123 2954 Gajum
1144 2874 1316 2956 profectum
1331 2873 1466 2939 'riberie'
1454 2891 1499 2954 an
1533 2908 1554 2952 ι,

179 2965 333 3050 privatam
347 2964 443 3026 vitam
458 2970 584 3044 agente:
615 2971 723 3026 contra
744 2962 937 3027 manifestam
958 2964 1078 3026 literam
1099 2963 1270 3040 Paterculi,
1293 2965 1346 3045 qui
1368 2965 1451 3026 rebus
1467 2961 1499 3024 lis

100 3108 104 3112 a
179 3055 325 3119 interfuit.
371 3052 433 3116 Sed
448 3053 506 3115 hoc
522 3053 617 3114 solum
633 3051 779 3115 habemus
795 3071 834 3114 ex
847 3050 949 3115 verbis
964 3052 1112 3128 Suetonii,
1126 3053 1207 3115 iuter
1222 3072 1345 3128 causas,
1368 3073 1418 3116 cur
1431 3052 1499 3115 libe

180 3145 241 3208 rius
255 3142 422 3224 deposita'
408 3162 473 3222 Jam
488 3140 624 3204 tribuuit
602 3149 646 3203 ιιι
659 3147 816 3222 potestate
833 3148 994 3223 tantopere
1011 3141 1069 3205 sibi
1083 3148 1250 3218 metueret,
1274 3162 1369 3225 seque
1385 3139 1500 3225 ipsumiu
1534 3179 1537 3223 ς

179 3240 299 3297 tantam
316 3232 508 3294 solitudinem
517 3231 678 3312 redigeret
694 3228 786 3292 etiam
801 3230 859 3293 hoc
875 3231 976 3307 fuisse,
992 3232 1071 3336 quod
1081 3251 1116 3294 eo
1127 3239 1273 3312 tempore,
1287 3251 1348 3314 quo
1365 3233 1405 3295 ad
1418 3231 1501 3310 Csjun
1542 3226 1554 3296 ’.

178 3322 323 3397 venisset,
340 3311 514 3383 alieniorem
528 3319 612 3393 illum
628 3319 759 3382 senserit
782 3338 820 3381 er
836 3311 1092 3402 criminationibus
1107 3321 1150 3384 Μ.
1164 3320 1256 3384 Lollii
1279 3322 1410 3385 rectoris
1424 3329 1452 3383 et
1464 3338 1502 3380 oo-
1553 3372 1554 3375 ,

157 3460 160 3465 2
179 3411 261 3475 mitis
278 3411 323 3473 sui
339 3411 460 3473 f.actum
487 3407 615 3480 Quando
625 3407 764 3471 Tiberius
778 3408 836 3470 hoc
853 3396 991 3485 senserit,
1007 3409 1146 3492 privatus
1161 3431 1206 3475 sn
1216 3409 1409 3474 tribunitiam
1418 3426 1503 3491 gerens

177 3507 374 3584 potestatem,
389 3499 463 3562 nihil
480 3498 518 3561 ad
533 3503 657 3574 textum
668 3496 807 3561 Suetonii
831 3499 978 3578 pertinet.
1003 3499 1124 3575 suflicit,
1138 3507 1174 3562 ut
1188 3500 1266 3563 haec
1287 3519 1363 3563 cura
1376 3499 1505 3563 Tiberim

173 3591 237 3673 J’am
260 3589 412 3671 privatum
435 3587 562 3650 auxerit
607 3588 673 3650 Nec
688 3587 876 3667 negaverim,
898 3587 945 3650 bis
960 3587 1113 3651 Tiberium
1129 3608 1196 3651 curn
1212 3587 1289 3669 Cajo
1305 3591 1410 3664 fuisse,
1431 3585 1505 3651 semel
1536 3653 1538 3659 J

177 3679 352 3742 tribunitiae
368 3677 533 3759 potestatis
550 3683 734 3751 consortem,
764 3695 830 3738 cum
857 3677 978 3739 obviam
998 3677 1042 3739 illi
1063 3678 1243 3741 adventanti
1270 3678 1467 3784 processisset
1482 3677 1506 3738 iu

178 3768 285 3834 Chium
300 3786 403 3849 usque,
423 3766 474 3828 ubi
496 3773 528 3827 et
544 3765 637 3829 coluit
651 3764 776 3827 illum’
750 3784 872 3847 eJusque
888 3766 1023 3841 comites,
1038 3773 1073 3829 ut
1087 3765 1168 3830 Dion
1183 3768 1288 3842 refert,
1308 3776 1343 3831 et
1358 3767 1506 3831 vicissima

63 3893 67 3903 ,
177 3857 253 3938 CaJ'o
271 3857 369 3920 cultus
385 3862 434 3919 est
450 3856 488 3919 ob
504 3855 685 3936 dignitatem
695 3874 783 3936 quam
794 3855 922 3936 gerebat
936 3855 1160 3961 amplissimam,
1174 3847 1402 3920 ιιΡιιοιιιιιι
1416 3875 1505 3920 recen·

177 3955 240 4022 set;
263 3946 372 4009 iterum
393 3964 465 4007 vero
483 3964 549 4007 cum
565 3944 658 4026 cajus
681 3943 791 4008 eOhio
814 3944 1002 4008 transisset
993 3965 1026 4008 ιι
1040 3944 1178 4020 Samum,
1198 3965 1333 4027 pergens
1349 3946 1381 4009 ιι
1396 3946 1506 4028 Synffl.

175 4037 275 4118 ibique
291 4054 393 4097 moras
408 4034 525 4116 aliquas
542 4027 592 4112 (ut
606 4033 689 4114 prius
705 4033 798 4096 etiam
811 4028 986 4115 Augustus)
1002 4041 1148 4109 necteret,
1163 4035 1286 4112 interun
1301 4036 1374 4098 dum
1387 4034 1505 4099 liberius

171 4126 238 4208 jam
252 4123 391 4206 privatus
408 4130 492 4186 esset
506 4124 614 4185 factus.
650 4123 730 4187 Nam
746 4123 835 4186 aliter
851 4123 967 4186 salutat
981 4124 1195 4206 magistratum
1210 4142 1332 4204 gerens,
1355 4124 1441 4189 aliter
1452 4122 1504 4206 pri-

176 4224 277 4278 vatus.
306 4212 349 4275 Et
365 4212 506 4275 credibile
522 4220 586 4287 est,
608 4211 758 4274 Tiberium
782 4212 943 4275 sollicitum
955 4213 1087 4277 ‚fortuna
1103 4212 1171 4295 Gaji
1193 4213 1326 4296 privigni
1346 4211 1504 4297 primarios

175 4325 235 4368 non
257 4304 365 4384 longas
387 4321 488 4364 moras
503 4301 644 4365 nexuisse
661 4300 740 4381 apud
757 4300 879 4383 Onjum,
902 4321 939 4364 ne
956 4303 1163 4366 ostentatione
1186 4303 1366 4367 tribunitiae
1379 4310 1501 4387 potesta·

176 4393 217 4457 tis
232 4393 315 4455 illum
332 4391 514 4466 offenderet,
537 4409 630 4495 eoque
646 4388 751 4452 statim
772 4396 807 4452 ut
822 4410 890 4454 eam
910 4398 1097 4473 potestatem
1121 4393 1264 4474 deposuit
1286 4394 1326 4456 sd
1343 4393 1442 4475 Csjum
1460 4408 1500 4452 re·

174 4500 304 4556 versum,
319 4489 353 4544 ut
369 4488 512 4561 quantum
528 4480 611 4560 prius
626 4487 783 4560 respectus
801 4480 959 4562 dignitatis
976 4481 1083 4545 officiis
1099 4481 1272 4558 demsisset,
1293 4483 1400 4565 idjam
1413 4481 1497 4564 pn’vs-

175 4572 249 4634 tus
241 4591 305 4653 ipse
323 4569 480 4652 diligentia
503 4576 535 4633 et
550 4569 692 4651 obsequio
714 4577 867 4648 pensaret
912 4571 995 4633 Tune
1018 4571 1110 4676 igitur
1124 4571 1308 4638 luculentior
1330 4565 1551 4637 occasiofuit

176 4660 260 4741 Gajo,
275 4659 421 4762 prodendi
438 4658 664 4722 offensionem·
655 4677 686 4720 ιι
708 4657 875 4738 privatum,
896 4680 985 4741 quam
999 4662 1082 4743 prius
1097 4659 1127 4723 in
1149 4662 1345 4743 superiorem.
1388 4657 1548 4724 lintei

174 4769 278 4812 vemm
299 4749 397 4829 ιιιιιι
419 4755 563 4828 apparet,
586 4747 664 4829 quod
686 4746 792 4810 scribit
806 4748 985 4812 Suetonius:
1010 4749 1185 4814 Tiberium
1177 4771 1210 4814 ιι
1231 4752 1285 4816 illo
1301 4746 1482 4834 abjectovitrt
1511 4736 1556 4919 s
