3150 5482
520 252 586 304 usn·
604 253 681 304 ιιιιιι
700 251 756 305 nien·
775 254 842 304 ser
860 251 935 305 roris.
1321 253 1381 319 ort

72 426 164 493 utin
187 423 227 505 Υ,
258 433 334 494 tunc
356 444 484 512 opernm
511 425 615 494 lusisti
640 435 826 513 certumque
843 425 957 511 habes,
985 425 1033 494 rel
1055 423 1130 495 dolii
1152 424 1306 509 liguram
1335 429 1385 495 rel

71 515 339 597 instrumentum,
375 515 425 580 vel
458 536 571 581 manus
605 523 678 582 tuas
711 517 754 583 td
786 516 869 582 hauc
906 514 1114 582 subtilitatem
1147 536 1217 581 esee
1249 518 1384 602 ineptas.

72 604 243 670 Possumus
266 614 374 670 antem
388 603 436 670 his
451 590 577 670 duabus
600 603 705 685 lineis,
727 606 786 671 etsi
801 611 949 671 accurate
970 604 1128 688 loquendo
1140 611 1255 671 secant
1269 604 1383 690 hyper·

72 691 169 758 bolen
190 695 222 758 iu
242 695 367 777 punctis
388 694 531 776 singulae
548 691 637 773 binis,
660 695 708 773 uti
727 694 797 760 loco
816 693 1070 777 contingentium,
1094 692 1205 777 utique
1227 695 1260 759 in
1279 694 1382 773 doliis,

70 801 158 864 quae
180 782 256 847 mihi
277 782 383 847 ridere
405 782 566 866 contingit.
612 782 720 860 Quare
741 803 797 867 per
820 781 868 848 th.-
890 781 1016 847 XXVII.
1045 781 1146 865 partie
1169 781 1291 866 primae
1312 782 1383 848 dili·

70 876 185 953 genter
199 871 317 949 metire,
341 888 425 955 quse
439 871 481 936 sit
495 870 658 955 proportio
675 872 728 938 00
751 870 914 956 (dimidiae
936 868 1135 935 mercutius
1155 868 1384 938 dinmeuorum

70 960 190 1025 neutris
205 961 250 1024 *et
274 958 361 1025 orbis
388 959 497 1042 lignei)
519 957 561 1024 ad
583 959 646 1025 ΟΥ.
692 960 785 1027 Secto
812 960 906 1025 enim·
922 959 1042 1042 angulo
1064 957 1149 1024 0οΥ
1174 957 1207 1024 in
1229 958 1382 1043 aeqnmm

70 1048 99 1112 ei
120 1068 231 1113 secam
254 1048 433 1113 transiverit
455 1067 511 1131 per
533 1053 684 1132 puuctum
701 1050 734 1127 Ο,
759 1048 861 1132 ligura
878 1068 918 1114 ex
931 1047 1051 1113 circulo
1074 1045 1135 1112 erit
1150 1045 1383 1132 pertinebitque
1469 1046 1479 1067 ‘⁶

70 1135 115 1201 ad
137 1135 321 1202 methodum
347 1135 516 1202 secundam
543 1139 681 1222 proprie.
726 1136 789 1203 Sed
811 1135 898 1220 quod
924 1136 1061 1201 maxime
1088 1135 1164 1201 iacit
1189 1135 1232 1199 ad
1254 1157 1381 1220 compa·

70 1222 229 1290 rationem
252 1246 323 1290 curu
351 1225 481 1304 ceteris,
513 1226 680 1310 quaeritur
700 1234 777 1291 tuuc
803 1229 1000 1309 segmentum
1027 1221 1115 1308 globi
1137 1221 1236 1304 FGC,
1267 1224 1383 1290 deinde

69 1331 130 1395 per
153 1311 199 1377 th.
223 1311 319 1379 XXV.
348 1314 447 1398 partia
474 1313 596 1398 primae
623 1314 660 1380 tit
685 1320 722 1380 ut
743 1313 801 1380 GO
827 1314 870 1378 ad
892 1313 960 1393 00,
983 1313 1028 1377 sic
1049 1332 1201 1377 numerus
1230 1313 1383 1396 segmenti
1457 1362 1462 1375 .

68 1400 156 1482 globi
178 1402 221 1466 ad
242 1422 422 1482 numerum,
452 1403 508 1486 qui
533 1404 687 1486 exprimet
713 1401 879 1471 dimidium
906 1422 1019 1486 corpus
1046 1401 1129 1485 citrii
1159 1401 1265 1484 parvi:
1293 1404 1383 1486 cujus

69 1490 233 1643 ρῦορὶιᾶιίῗ
263 1489 305 1556 ad
334 1511 445 1557 aonam
474 1491 560 1557 circa
588 1491 767 1578 cylindrum
796 1489 910 1557 llFGE
943 1489 1074 1557 docetur
1103 1488 1136 1554 ia
1165 1489 1310 1575 exemplo
1339 1489 1383 1555 ad

159 1663 193 1730 si
214 1687 290 1733 rere
311 1666 429 1734 inerint
451 1666 602 1753 aequales
624 1667 687 1746 00,
712 1666 772 1745 ΟΥ,
800 1667 904 1752 ligura
925 1672 975 1732 est
1001 1662 1172 1750 parabola:
1202 1685 1304 1750 quare
1326 1687 1383 1750 per

68 1753 116 1820 th.
139 1752 227 1820 x111.
257 1755 335 1840 epis.
359 1761 389 1822 2.
412 1758 578 1841 quaeritur
607 1754 827 1842 parabolicum
856 1755 1002 1848 oouoides
1034 1774 1074 1819 ex
1096 1775 1176 1819 ceno
1199 1755 1381 1837 aequealto:

68 1863 146 1908 nam
168 1864 245 1909 area
265 1843 382 1916 circuli,
405 1848 495 1931 cujus
514 1845 669 1912 diameter
683 1842 746 1924 Fu,
770 1846 868 1911 ducta
884 1846 918 1911 in
932 1849 1056 1928 partem
1078 1843 1208 1908 tertiam
1223 1843 1276 1908 00
1290 1850 1382 1909 creat

68 1952 242 1998 numerum
263 1934 406 2018 corporis
420 1935 499 2012 coni
523 1941 559 1999 at
572 1933 721 2000 conoides
735 1939 785 1998 est
798 1932 1042 2018 sesquialterum
1057 1931 1145 1996 coni:
1169 1951 1244 2015 ergo
1266 1951 1381 2016 corpus

68 2021 210 2087 concidis
240 2021 389 2102 habetur,
419 2021 519 2088 ducta
547 2042 626 2088 area
648 2021 702 2086 Fu
723 2022 757 2087 iu
778 2023 941 2088 semissem
964 2020 1027 2087 00.
1073 2019 1163 2085 lhrnc
1190 2041 1228 2083 ex
1250 2019 1382 2086 conoide

68 2111 239 2194 quaeritur
258 2110 310 2176 fus
389 2131 522 2196 parrum
544 2112 577 2176 in
599 2111 743 2190 conoide,
767 2130 825 2195 per
846 2109 1026 2193 analogium
1048 2107 1095 2173 th.
1120 2106 1249 2173 XXVII.
1277 2108 1381 2200 partis

68 2198 210 2282 primae:
234 2198 339 2264 scihce
367 2207 404 2266 ut
419 2199 475 2266 00
491 2200 532 2267 sd
548 2199 613 2280 ΥΟ,
635 2199 770 2284 duplum
784 2197 885 2284 ipsius
900 2197 964 2280 00,
987 2198 1034 2263 sic
1047 2196 1195 2264 conoides
1216 2197 1381 2263 inuentum

68 2286 113 2352 ad
134 2287 196 2353 iusi
224 2290 292 2373 ejus
322 2307 434 2373 corpus
465 2288 639 2354 dinridium.
683 2290 813 2354 hirento
841 2307 975 2373 corpore
1000 2285 1064 2352 iusi
1092 2286 1185 2371 parri
1213 2304 1380 2368 processus

67 2376 208 2461 reliquus
229 2377 314 2442 idem
335 2384 393 2455 est
417 2377 473 2461 qui
495 2397 567 2443 cum
588 2384 702 2443 trunco
718 2377 816 2457 citrii3
836 2383 919 2444 'zona
941 2374 1025 2441 enim
1046 2373 1259 2440 circatorum
1280 2372 1381 2451 habet

65 2471 174 2548 partes
197 2466 286 2545 duas,
310 2464 413 2531 altera
435 2473 485 2532 est
505 2467 612 2532 iusum
634 2487 768 2550 parvum
785 2469 853 2551 jam
871 2466 1047 2543 inventurn,
1075 2462 1201 2546 reliqua
1223 2469 1255 2527 et
1278 2466 1381 2548 major

64 2554 196 2636 quidem
221 2576 297 2639 pars
320 2561 445 2619 creatur
461 2555 558 2622 ducta
580 2554 833 2621 circumferentia
854 2553 962 2620 circuli
983 2551 1069 2618 orbis
1091 2551 1185 2634 lignei
1199 2550 1380 2635 infiguram

64 2643 197 2724 plenam
212 2641 302 2720 Pete,
326 2663 411 2727 quae
432 2643 589 2727 parabole
609 2644 734 2721 dicitur,
759 2645 849 2728 cujus
872 2661 951 2708 area
972 2640 1107 2707 habetur
1129 2658 1169 2704 ex
1189 2640 1267 2724 epis.
1285 2646 1313 2704 2.
1336 2639 1380 2704 ad

64 2729 178 2812 tn.11;
201 2731 300 2797 dueta
319 2732 403 2797 enim
425 2737 518 2816 parte
540 2731 676 2812 dimidia
699 2732 733 2798 id
755 2739 805 2797 est
827 2730 931 2798 tribus
953 2729 1050 2796 sextis
1073 2727 1181 2794 deco
1203 2727 1238 2794 in
1258 2734 1380 2793 rectam

63 2818 133 2901 PG,
155 2827 284 2885 creatur
304 2839 384 2885 area
405 2821 557 2904 mmngnli
571 2818 661 2900 FOG,
685 2825 774 2908 cujus
796 2820 1001 2905 sesquitertia
1022 2837 1096 2884 cum
1116 2816 1160 2881 sit
1180 2836 1258 2882 area
1279 2837 1375 2899 pura·
1472 2889 1476 2899 ,

62 2907 165 2988 boles‚
187 2916 318 2974 creatur
339 2910 435 2992 igitur
457 2908 560 2975 ductis
582 2911 856 2994 quatuorcentis,
885 2909 946 2974 hoc
967 2913 1017 2973 est
1039 2906 1132 2972 besse
1151 2906 1248 2989 ipdns
1271 2904 1325 2971 CO
1347 2905 1380 2970 in

62 3004 183 3063 rectam
208 2996 271 3063 Fu.
316 2996 435 3075 Quodsi
455 2997 554 3064 luerit
575 2998 628 3064 00
650 3001 754 3083 major
780 3019 877 3083 quam
899 2996 967 3077 ΟΥ,
990 2995 1095 3077 figura
1120 2993 1184 3058 erit
1203 3014 1244 3057 ex
1263 2992 1379 3076 hyper·

61 3084 140 3152 bola
162 3086 367 3170 proximeque
396 3086 526 3153 accedet
556 3086 677 3154 dolium
703 3085 746 3153 ad
767 3107 882 3152 conum
914 3084 1129 3170 duplicatum,
1160 3081 1257 3165 idque
1287 3088 1379 3147 tanto

60 3175 176 3257 magis,
200 3182 320 3259 qusnto
341 3178 443 3260 major
463 3175 559 3242 fuerit
581 3175 634 3242 00
653 3198 749 3260 quem
768 3175 831 3242 ΟΥ.
868 3174 1001 3257 Eritque
1022 3170 1163 3237 concidis
1184 3168 1380 3252 hyperbolici

61 3264 401 3438 temenitis?
403 3265 536 3438 ”illim
537 3264 599 3418 tt
620 3264 684 3420 21⁸⁵
691 3261 861 3419 0Ἓο
883 3260 1110 3415 timi
1134 3257 1380 3431 heht

60 3440 165 3506 solum
196 3441 360 3506 lucramur
389 3461 429 3507 ex
458 3442 519 3507 hac
547 3442 794 3525 scrupulositate
822 3441 908 3506 circa
937 3436 1159 3523 hyperbolem,
1191 3437 1232 3502 de
1257 3441 1375 3514 cetero,

61 3550 136 3594 curn
160 3530 301 3595 nondum
322 3529 535 3596 determinate
557 3530 709 3596 sitrecte
729 3531 812 3596 inter
833 3529 888 3594 ΟΥ
912 3534 945 3592 et
963 3526 1028 3606 ΟΥ,
1051 3524 1216 3610 quadrans
1237 3525 1280 3590 ad
1302 3543 1377 3608 pro·

60 3618 241 3702 portionem
260 3613 509 3700 convenientem,
531 3641 595 3684 non
610 3621 705 3686 etiam
727 3619 868 3684 animum
886 3616 988 3701 adjeci
1008 3615 1163 3680 hactenus
1178 3614 1221 3678 ad
1236 3612 1375 3696 quadra·

60 3712 172 3781 turam
202 3705 403 3791 hyperbolae,
434 3710 523 3792 cnjus
548 3709 724 3791 cognitione
749 3707 881 3792 insuper
902 3722 982 3789 opus
1008 3710 1091 3769 esset
1112 3703 1155 3767 ad
1176 3721 1289 3767 sonam
1311 3700 1377 3766 iusi

60 3793 258 3878 hyperbolici
280 3816 320 3860 ex
341 3800 411 3861 arte
433 3797 687 3879 computandam.
734 3793 945 3882 opitulamini
968 3790 1145 3877 Apollonii!
1346 3813 1348 3819 ’

152 3884 295 3948 Rursum
316 3883 342 3948 si
364 3883 418 3951 00
441 3886 545 3949 minor
574 3885 703 3968 quidem
733 3884 832 3951 tuerit
861 3902 959 3967 quam
980 3881 1048 3962 ΟΥ,
1079 3883 1181 3966 major
1205 3882 1314 3943 tamen
1336 3877 1380 3942 nd

60 3970 127 4050 ΟΥ,
149 3990 247 4055 quam
263 3971 319 4037 OG
335 3969 378 4037 ad
392 3972 448 4039 ΟΥ
471 3973 571 4057 (qnod
592 3975 666 4058 quis
689 3993 757 4056 qua
777 3971 941 4056 diligentia
962 3968 1169 4049 discordati),
1192 3966 1296 4049 figura
1317 3966 1380 4031 erit

59 4080 102 4124 ex
126 4059 230 4145 ellipsi
251 4066 349 4139 recta,
373 4065 462 4146 cujus
485 4070 647 4144 segmenta
668 4060 711 4128 ad
731 4061 839 4129 circuli
861 4066 1037 4143 segmenta,
1067 4056 1155 4122 iacta
1175 4076 1235 4139 per
1256 4060 1378 4119 rectam

59 4148 116 4213 axi
138 4148 341 4232 parallelum,
369 4170 494 4235 semper
521 4149 641 4216 habent
667 4152 906 4236 proportionem
935 4168 1019 4227 eam,
1043 4166 1139 4230 quam
1160 4142 1287 4221 brevior
1309 4147 1379 4228 eJus

59 4236 217 4303 diameter
244 4239 287 4304 ad
309 4237 505 4321 longiorem„
525 4260 582 4323 per
604 4260 657 4320 ea,
684 4259 767 4323 quae
788 4237 994 4306 Archimedes
1019 4232 1153 4301 adhibet
1180 4232 1223 4297 ad
1244 4231 1375 4297 demon·

58 4325 230 4390 strandum
253 4327 415 4411 episagma
438 4332 467 4393 3.
490 4327 532 4394 ad
558 4328 604 4393 th.
627 4329 667 4408 11,
691 4348 812 4413 perque
826 4327 927 4393 ‘dicta
952 4345 974 4390 s
994 4344 1046 4388 me
1071 4322 1104 4388 iu
1134 4320 1378 4388 Commentariis

59 4412 102 4479 de
124 4418 218 4482 motu,
230 4415 354 4495 Martis,
377 4417 461 4500 quod
482 4417 525 4483 ad
540 4416 660 4483 dictum
672 4418 717 4482 th.
733 4419 773 4483 ll.
797 4417 919 4501 primae
941 4413 1043 4499 partis
1062 4418 1132 4476 erat
1146 4411 1243 4475 etiam
1264 4428 1377 4491 super·

9 4506 14 4516 '
57 4502 284 4570 inducendum.
330 4508 374 4573 At
395 4526 468 4570 cum
489 4506 576 4572 linea
596 4506 811 4591 proportionis
832 4503 988 4588 segmenti
1015 4499 1212 4586 sphaeroidis
1233 4498 1313 4563 recti
1334 4496 1377 4560 ad

58 4612 200 4677 prunum
222 4592 397 4678 ellipticum
418 4594 502 4660 inter
524 4595 560 4675 0,
583 4595 609 4660 Υ
640 4594 779 4660 nondum
801 4594 843 4659 sit
864 4592 1089 4670 determinate,
1117 4594 1156 4653 ut
1181 4593 1214 4652 et
1235 4587 1322 4670 prius
1342 4606 1377 4650 ιιι

57 4679 248 4765 hyperbole
269 4684 391 4749 nullum
414 4683 466 4748 hic
486 4684 653 4768 ingeniosis
668 4690 701 4748 et
716 4685 841 4749 omniuo
857 4680 1030 4766 Apolloniis
1052 4679 1173 4744 exitum
1193 4681 1372 4741 monstrare

58 4790 203 4853 possum
225 4791 322 4854 quam
339 4792 431 4855 quern
448 4773 506 4856 ipsi
522 4772 580 4840 sibi
594 4772 805 4840 sollertissimi
820 4770 935 4856 ingenii
949 4771 1024 4850 acie,
1041 4767 1185 4852 superius
1199 4765 1245 4831 th.
1261 4761 1373 4829 XXVI.
1405 4795 1410 4811 ι

140 4879 222 4934 [opteri
234 4880 300 4937 Opere
313 4883 348 4926 w.
1132 4875 1164 4925 41
