3112 5474
67 331 71 337 l
174 271 240 341 294
612 273 618 283 ’
675 289 715 340 De
728 288 799 340 Διιιιο
811 275 899 339 Natali
910 287 1014 347 Christi,

176 437 252 499 duos
274 444 307 498 et
322 434 372 516 qui
392 442 473 508 tres,
495 432 549 495 sed
570 433 663 495 etiam
684 432 768 506 illos,
789 430 840 513 qui
862 438 991 513 quatuor
1012 449 1108 494 anuos
1129 424 1320 506 desiderant,
1340 427 1491 494 hiichaelau

174 525 381 598 Maestlinum,
395 522 591 585 Laurentium
609 520 772 603 Suslygam
781 520 927 583 Polonum
943 519 1064 602 ejusque
1079 519 1111 583 in
1127 519 1335 603 disputatione
1350 517 1495 601 praesideo
1540 570 1545 579 .

174 612 358 677 Deckerium
380 629 505 692 supero,
529 617 668 673 statuens
690 609 883 672 intervallum
904 608 984 672 inter
1000 606 1115 672 Christi
1136 609 1333 673 nativitatem
1355 616 1388 671 et
1406 605 1498 687 primas

178 702 331 767 Calendas
352 702 422 763 Jan.
444 718 534 761 aerae
556 707 680 762 nostrae
696 697 809 760 usualis
826 717 921 760 annos
943 698 1086 780 quinque;
1109 706 1299 762 sputantem
1316 697 1388 769 anni
1401 694 1499 757 omnino

177 811 233 854 sex
249 809 343 872 usque
366 788 406 850 ad
428 788 558 861 natalia,
580 807 657 869 quae
672 786 820 868 Dionysio
836 793 924 849 erant
938 787 968 848 in
984 782 1101 863 mente,
1122 786 1208 850 nobis
1224 786 1290 867 ejus
1306 784 1503 858 imitatoribus

177 888 213 942 ut
226 880 304 942 infra
319 878 446 959 patebit,
460 877 583 958 ignaris.
620 878 727 957 ltaque
743 875 872 937 triennio
889 874 985 938 solido
1002 875 1105 940 differo
1122 877 1161 939 ab
1175 876 1250 957 ipsis
1267 875 1364 938 etiam
1378 873 1504 938 Patribus

178 969 319 1049 antiquis,
332 966 451 1029 biennio
468 987 486 1027 a
502 964 632 1047 Sulpitio
650 965 773 1027 Severo.

264 1057 350 1119 Haec
372 1054 535 1136 praecipua
557 1062 606 1117 est
629 1053 797 1116 admirandi
817 1051 945 1114 materia
966 1071 1026 1115 non
1047 1052 1166 1133 paucis;
1194 1053 1245 1115 hic
1261 1052 1331 1128 alii,
1353 1072 1428 1134 quos
1442 1051 1506 1112 inter

178 1145 236 1208 Set
237 1145 294 1206 hus
312 1143 445 1219 Calvius,
460 1164 520 1205 non
535 1144 645 1207 Patres
661 1143 757 1217 nobis,
774 1141 823 1224 qui
838 1141 969 1222 vestigia
983 1141 1021 1205 D
1027 1141 1129 1204 Lucae
1144 1141 1367 1222 Evangelistae
1382 1139 1506 1221 religiosa

179 1241 250 1297 sunt
266 1234 375 1308 secuti,
398 1233 452 1294 sed
466 1231 695 1312 Evangelium
687 1249 784 1311 rpsum
807 1229 965 1310 objiciunt,
988 1232 1179 1312 profanatam
1201 1231 1380 1312 religionem
1401 1237 1433 1292 et
1446 1238 1505 1291 tau·

180 1331 244 1386 tum
259 1342 319 1385 non
334 1321 539 1402 blasphemias
554 1321 641 1383 nobis
656 1321 815 1408 imputant,
831 1319 880 1401 qui
894 1327 1008 1400 patres,
1024 1339 1072 1401 qm
1064 1318 1241 1400 Evangelii
1250 1320 1393 1382 verbam
1403 1318 1505 1384 dubium

107 1466 112 1478 .
177 1430 288 1474 vocare
312 1411 490 1473 audeamus:
516 1410 566 1472 alii
588 1409 755 1471 rationibus
778 1407 949 1483 constricti,
974 1409 1079 1511 quibus
1093 1409 1219 1485 utimur,
1240 1408 1346 1471 miram
1337 1408 1490 1481 solent'
1483 1426 1505 1468 ιι

176 1500 243 1582 ipso
267 1500 339 1561 stat
332 1519 371 1560 ιιιι
396 1507 504 1561 exortu
528 1497 770 1561 Christianitatis
793 1497 996 1559 deflexisse
972 1516 1035 1560 srva
1055 1497 1273 1580 Evangelistas
1295 1517 1352 1560 seu
1366 1497 1504 1580 proximos

178 1608 280 1652 eorum
296 1606 487 1649 successores
504 1609 522 1649 a
537 1587 617 1649 veris
634 1587 765 1669 computi
780 1587 956 1649 rationibus.

266 1675 346 1749 Quid
361 1677 453 1756 igitur
467 1676 515 1739 his
531 1695 724 1758 opponemus,
740 1695 797 1758 quo
813 1668 1036 1738 criminationes
1051 1675 1169 1738 illorum
1184 1674 1373 1756 effugiamus,
1389 1673 1505 1736 admira-

177 1767 290 1831 tionem
306 1766 353 1827 his
370 1766 542 1827 demamus?
580 1762 661 1836 Quid
678 1765 755 1827 enim
778 1765 902 1827 aliud
873 1784 931 1827 nrsr
922 1764 1027 1827 ''hoc
1017 1783 1130 1846 rpsum,
1153 1764 1232 1868 qqod
1248 1764 1357 1828 alias
1348 1783 1380 1826 ιιι
1395 1763 1504 1844 inquisi-

178 1857 261 1918 tione
276 1853 420 1935 originum
435 1854 591 1934 praemitti
607 1855 694 1916 solet.
723 1854 870 1917 Nimirum
881 1870 983 1916 omnes
997 1873 1048 1915 res
1063 1872 1129 1916 cum
1144 1853 1271 1935 primum
1285 1852 1434 1934 incipiunt
1447 1851 1505 1926 heri,

177 1945 226 2007 vel
248 1943 318 2026 quia
340 1943 377 2005 de
392 1944 548 2026 praesenti
570 1951 716 2024 genantur
736 1962 792 2005 nec
813 1941 950 2023 indigent
971 1942 1157 2005 adminiculis
1178 1942 1359 2017 memoriae,
1380 1942 1428 2004 vel
1449 1941 1505 2023 quia

178 2051 318 2116 quorsum
334 2050 480 2094 evasurae
503 2032 565 2094 sint
579 2031 710 2093 nondum
731 2031 843 2113 liquido
858 2031 967 2113 liquet,
988 2051 1048 2094 non
1070 2031 1115 2094 ita
1130 2039 1326 2106 annotantur,
1346 2040 1382 2093 ut
1396 2050 1444 2093 res
1453 2030 1504 2111 jam

181 2129 416 2196 consummatae,
432 2121 591 2202 furtimque
602 2120 746 2201 temporis
756 2119 925 2182 recordatio
936 2120 1073 2195 elabitur,
1090 2119 1305 2202 superveniunt
1315 2120 1398 2194 anni,
1412 2119 1504 2182 crescit

178 2219 266 2274 aetas
281 2209 491 2284 inobservata,
512 2218 548 2272 ut
564 2209 590 2271 si
606 2208 723 2290 quando
745 2208 950 2295 respiciendus
973 2217 1021 2272 est
1042 2208 1154 2290 primus
1176 2227 1279 2271 earum
1295 2216 1383 2271 ortus
1398 2208 1445 2271 vel
1457 2227 1504 2270 nor

176 2306 295 2380 promte
310 2298 470 2379 recolligas
486 2303 630 2361 annorum
640 2317 793 2361 numerum
807 2298 856 2361 vel
871 2298 1067 2361 laborandum
1081 2299 1113 2361 in
1123 2317 1159 2362 eo
1174 2316 1234 2361 non
1250 2313 1390 2360 censeas.
1414 2295 1504 2369 Quod·

179 2407 235 2470 que
251 2387 341 2468 vulgo
357 2388 407 2462 fit,
429 2387 460 2449 id
476 2387 567 2450 etiam
583 2388 663 2468 apud
677 2387 906 2468 Evangelistam
921 2386 1035 2449 Lucam
1056 2387 1155 2450 locum
1169 2388 1282 2450 habere
1305 2386 1378 2449 hiuc
1392 2383 1504 2468 perspie'

177 2483 290 2558 potest,
310 2476 389 2558 quod
403 2476 504 2539 Lucas
519 2477 549 2540 in
565 2476 634 2558 ipsa
648 2476 849 2557 descriptione
865 2476 1036 2547 nativitatis
1053 2475 1181 2551 Christi,
1204 2495 1271 2538 cum
1286 2475 1326 2538 de
1340 2488 1381 2538 ‘ea
1396 2495 1434 2538 ex
1446 2493 1504 2557 pm·

177 2568 259 2628 sesso
275 2565 355 2646 agit,
377 2585 437 2627 non
453 2564 570 2628 addidit
592 2583 745 2627 numerum
767 2584 913 2628 annorum
934 2564 1048 2646 imperii
1068 2564 1213 2628 Herodis:
1243 2565 1385 2647 quodque
1407 2564 1504 2635 deiude,

178 2654 296 2735 quando
314 2652 430 2717 Christi
451 2654 599 2735 baptisati
614 2661 750 2716 aetatem
764 2654 924 2729 describit,
945 2654 1004 2716 hac
1018 2654 1114 2717 utitur
1129 2654 1276 2717 orationis
1297 2654 1413 2728 forma,
1436 2658 1505 2729 ,erat

176 2744 297 2806 circiter
312 2744 354 2806 30
371 2743 543 2806 annomm.“
583 2743 630 2806 Ne
645 2762 718 2806 vero
732 2743 829 2806 lector
844 2763 899 2805 nos
915 2743 1000 2806 abuti
1014 2751 1103 2826 putet
1115 2743 1174 2806 hac
1190 2743 1400 2818 excusatione,
1414 2759 1504 2823 scopus
1548 2781 1552 2788 ι

174 2832 346 2913 praesentis
362 2833 462 2913 operis
477 2832 526 2895 hic
542 2833 615 2907 erit,
635 2840 671 2894 ut
691 2832 818 2913 primum
839 2832 1018 2894 necessariis
1041 2832 1225 2913 argumentis
1245 2832 1426 2913 probemus,
1445 2828 1503 2893 stul

175 2940 234 2984 ιιοιι
257 2939 347 3003 posse
368 2929 507 3002 computo
529 2922 656 2984 Patmm
671 2921 853 2984 adversante
874 2921 1006 2985 veritate
1034 2921 1197 2996 historica;
1227 2940 1286 3003 quo
1312 2921 1502 2984 demonstrato

176 3010 275 3091 capite
294 3009 342 3072 13.
365 3010 476 3072 crimen
498 3009 652 3091 profanati
666 3008 825 3091 Evangelii
848 3010 892 3072 sie
915 3010 1069 3085 diluemus,
1088 3019 1123 3073 ut
1139 3009 1211 3073 Sole
1235 3010 1351 3073 clarius
1367 3015 1502 3092 appareat

176 3098 277 3162 verbis
291 3098 452 3179 Evangelii
472 3098 532 3160 vim
547 3099 659 3161 nullam
676 3119 743 3161 esse
754 3099 883 3174 iactam3
900 3106 972 3162 tuuc
982 3099 1081 3180 capite
1094 3099 1142 3162 14.
1158 3099 1293 3162 rationes
1310 3099 1501 3180 expendemus

175 3207 250 3269 quas
265 3187 376 3250 Patres
392 3189 440 3251 vel
457 3188 654 3251 communiter
670 3206 772 3250 omnes
789 3187 836 3248 vel
853 3185 962 3268 singuli
975 3188 1115 3269 proprias
1131 3188 1228 3250 secuti
1244 3196 1331 3264 sunt,
1346 3196 1383 3251 ut
1396 3197 1429 3251 et
1440 3190 1500 3249 inter

159 3353 160 3356 Ἴ
176 3295 209 3338 se
224 3275 282 3357 ipsi
299 3284 331 3338 et
346 3297 364 3338 a
379 3295 426 3339 me
443 3297 547 3339 omnes
561 3276 592 3339 in
608 3276 723 3339 calculo
741 3275 952 3352 dissentirent,
974 3277 1053 3339 unde
1068 3276 1195 3358 patebit,
1210 3277 1373 3340 illorumne
1388 3276 1498 3351 aalma

143 3432 147 3437 ,
175 3365 346 3428 accuratior
361 3365 402 3427 sit
417 3386 456 3429 an
470 3385 554 3428 meus
571 3373 603 3428 et
616 3368 676 3428 utri
691 3365 849 3428 fidendum
873 3365 1010 3449 Denique
1025 3366 1124 3448 capite
1143 3366 1191 3430 15.
1202 3367 1352 3451 originem
1368 3376 1400 3431 et
1412 3372 1496 3430 arrato¹

174 3472 238 3516 rem
254 3472 343 3543 aerae
358 3454 522 3520 hodiernae
539 3474 683 3518 erroneae
698 3455 730 3518 in
744 3456 842 3519 lucem
856 3454 1016 3538 proferam.
1041 3483 1042 3486 ¹

751 3809 873 3911 Caput
895 3808 939 3923 V,

217 3986 273 4050 De
295 4006 373 4050 aare
387 3985 538 4064 Iuliana,
560 4007 623 4073 qua
643 3987 790 4052 mam
809 3988 899 4052 nobie
919 3988 999 4051 est
984 4009 1019 4052 ra
1039 3988 1109 4054 hoo
1120 3986 1242 4066 hhell03
1273 3991 1376 4075 deqeoe
1397 3990 1465 4055 aeria

688 4076 904 4141 Barcanorum
921 4075 1005 4141 Cosa.

262 4249 338 4326 Cum
359 4253 452 4335 igitur
472 4254 660 4337 propositum
674 4255 855 4330 habeamus,
877 4275 916 4318 cx
935 4201 1071 4319 historiis
1094 4255 1323 4335 demonstrare,
1345 4256 1494 4343 principius

172 4342 287 4404 usualis
310 4363 399 4407 aerae
414 4352 539 4407 nostrae
556 4363 615 4406 non
637 4343 779 4410 exhibere
802 4344 1044 4408 circumstantias
1066 4344 1150 4421 ullas,
1170 4346 1279 4428 quibus
1301 4307 1495 4431 Evangelistae

173 4430 399 4520 descripserunt
414 4434 606 4497 nativitatem
623 4431 749 4509 Christi,
765 4435 819 4497 sed
835 4435 1037 4516 quaerendum
1053 4435 1173 4498 esselis
1189 4437 1396 4517 exprimendis
1410 4450 1497 4500 anuum

173 4519 301 4601 aliquem
318 4523 514 4604 superiorem·
537 4542 666 4605 quaeras
680 4523 787 4605 igitur,
803 4543 861 4605 qua
876 4524 993 4586 ratione
1001 4544 1082 4605 ,quo
1098 4524 1195 4588 medio
1210 4528 1374 4606 pervenire
1389 4529 1426 4591 ad
1438 4526 1499 4588 hunt

62 4658 65 4661 1
173 4629 283 4672 annum
292 4612 455 4692 possimus,
471 4632 537 4676 cnm
553 4613 592 4675 ad
602 4631 671 4675 eum
679 4613 763 4675 scala
772 4620 944 4675 nostrerum
953 4632 1099 4675 annorum
1113 4614 1263 4678 usualium
1273 4636 1336 4681 non
1345 4608 1500 4700 perungat

171 4696 318 4761 Nimirum
332 4701 390 4763 hoe
406 4722 481 4783 opus
497 4702 571 4778 erit,
592 4711 628 4764 ut
642 4702 721 4764 hauc
737 4718 883 4765 annorum
905 4702 1013 4765 seriem
1034 4703 1265 4784 prolongemus:
1289 4706 1323 4770 id
1339 4716 1398 4784 est,
1417 4714 1502 4769 utae-
1550 4725 1556 4739 ·

171 4787 274 4866 posita
288 4787 346 4851 hac
365 4790 461 4854 veluti
475 4792 569 4855 scala
583 4809 729 4856 annorum
744 4799 916 4856 nostrorum
931 4790 1094 4867 usualium,
1116 4791 1207 4856 aliam
1222 4795 1408 4879 arripiamus
1417 4791 1551 4879 justae
