3134 5482
541 193 601 242 Eelo
587 207 651 259 ogau
670 194 776 244 Chronic
777 208 816 242 ae.
994 200 1001 206 ‘
1141 272 1145 302 Ι
1272 202 1332 259 421
1464 178 1466 189 ’

38 363 137 444 quod'
129 365 305 472 ipsissimus
326 388 431 432 annus
454 373 487 432 et
502 367 618 432 mensis
633 367 856 451 Hipparcheus
872 367 982 446 luerit,
1006 390 1069 433 uoii
1085 390 1157 434 vero
1172 373 1335 438 vetustior.

39 450 104 517 llam
125 456 182 538 qui
203 453 274 519 fieri
296 462 413 537 posset,
445 456 677 523 diversissimos
699 463 753 520 art
739 456 848 536 tifices,
879 464 970 522 tanto
994 460 1145 540 temporis
1167 459 1335 527 intervallo

40 541 221 622 distantess
212 565 246 607 in
268 545 443 647 scrupulis
450 544 622 609 millesimis
645 546 772 627 penitus
795 506 986 625 coiisentire,
1014 553 1047 610 et
1069 546 1198 630 quidem
1221 570 1331 631 erran-

38 636 82 708 tes,
102 638 136 696 ut
157 631 253 697 hodie
272 638 412 712 constat,
434 634 629 716 insuperque
649 634 830 715 ignorantia
852 637 994 700 Graecos
1016 641 1091 698 aute
1114 635 1335 718 Hipparchum

36 726 158 784 tenente.
201 721 288 786 Nam
318 722 345 786 ιι
366 721 447 789 haec
469 722 545 786 anni
567 721 732 804 longitudo
753 721 886 787 iudaeis
908 729 987 788 nota
1008 723 1120 788 ιιιιιιιι
1141 725 1333 808 antiquitus,

33 827 84 872 nou
111 808 270 910 potuisset
300 808 347 873 lat
333 816 404 875 tere
433 813 584 889 Graecos,
615 816 702 874 certe
734 832 797 875 non
825 817 898 904 pest
884 812 1092 877 tillexaudri
1114 833 1164 877 res
1186 813 1310 879 ins
1264 837 1334 899 yria

29 898 155 977 gestas
146 897 383 1051 imperiumque
404 899 525 967 stabilit
511 905 606 977 t;um
620 920 677 963 nec
699 920 778 981 opus
800 889 915 964 luisset
934 901 1070 965 eandem
1091 899 1134 966 ab
1149 902 1333 985 Hipparcho

29 985 176 1086 demum
168 991 272 1051 invest
273 987 362 1070 igniri,
389 994 427 1052 ιιι
447 989 565 1053 scimus
587 947 717 1053 lactum.

63 1072 261 1150 Quare
236 1096 282 1139 sic
308 1077 437 1141 omnino
464 1076 677 1156 statuendum,
706 1075 739 1156 id
766 1075 853 1158 quod
876 1075 1016 1150 Rabhiui
1042 1078 1083 1141 de
1104 1079 1277 1181 antiquat
1278 1102 1329 1144 ra·

23 1161 136 1227 ditione
158 1162 278 1242 dicunt,
302 1162 490 1257 figmentum
511 1186 579 1231 esse
600 1126 833 1230 Rabbiiiorum:
857 1178 969 1232 contra
990 1166 1131 1232 ludaeos
1153 1169 1244 1232 annis
1269 1175 1331 1233 300

22 1257 90 1332 post
112 1251 275 1316 Christum
297 1251 462 1354 amplexos
483 1274 560 1318 esse
576 1253 814 1354 Hipparcheam
835 1253 970 1319 formam
992 1276 1067 1336 pro
1065 1254 1261 1321 certissima.

103 1343 149 1404 it
177 1340 351 1406 ιοιιιιιιι
343 1362 487 1424 ipsorum
509 1349 688 1424 computus,
711 1342 739 1406 si
761 1342 842 1408 festa
864 1363 929 1407 uon
951 1364 990 1406 ex
1013 1343 1113 1422 coelo,
1136 1343 1252 1418 sedut
1273 1367 1331 1410 nos
1377 1336 1380 1354 '

19 1447 53 1490 eii
74 1428 173 1511 cyclis
196 1428 446 1495 desumsissent?
490 1432 564 1496 Non
585 1432 692 1513 sequit
693 1452 742 1496 ur.
777 1431 877 1496 Nam
897 1436 937 1495 70
960 1432 1053 1496 annis
1075 1439 1147 1514 post
1168 1433 1331 1499 Christum

18 1516 119 1580 tote
111 1538 252 1599 ipsorum
279 1519 391 1602 politia
413 1540 477 1586 una
499 1541 572 1585 cnm
592 1518 800 1620 sacerdotum
822 1518 960 1600 collegio,
992 1521 1048 1604 qui
1070 1527 1164 1585 erant
1186 1524 1331 1604 magistri

17 1603 109 1689 huJ‘us
132 1608 283 1688 computi,
307 1607 454 1690 adeoque
473 1608 674 1709 etiamipsa·
683 1607 777 1710 hujus
798 1607 978 1674 calendarii
989 1607 1108 1686 schola
1131 1609 1332 1695 ierosolyma

16 1701 45 1756 ιι
74 1693 235 1796 ternplum
264 1696 391 1796 penitus
413 1696 636 1762 conciderunt:
666 1696 728 1782 ipsi
749 1717 824 1761 vero
847 1717 906 1778 per
927 1702 1032 1762 toturn
1054 1658 1162 1762 orhem
1182 1696 1330 1799 dispersi,

14 1784 144 1846 summis
167 1783 303 1848 miseriis
325 1783 444 1865 afflicti,
468 1785 610 1869 gentium
625 1780 822 1852 calendariis
840 1784 1022 1865 assuefacti,
1044 1785 1188 1870 paschal
1180 1808 1207 1850 is
1165 1788 1327 1853 tsolen·

13 1870 108 1935 nibus
132 1872 301 1957 itineribus
322 1895 388 1938 non
409 1874 549 1958 amplius
571 1873 727 1952 adstricti
755 1874 874 1956 quippe
892 1877 960 1958 jam
981 1895 1088 1940 everso
1110 1875 1242 1958 templo.
1287 1878 1330 1942 Et

15 1965 48 2027 ut
69 1961 136 2024 ista
158 1947 296 2026 taceam:
327 1983 459 2046 quaeso,
482 1963 743 2047 quotusquisque
758 1962 852 2031 hodie
874 1968 932 2042 est,
955 1963 1012 2044 qui
1034 1971 1220 2046 computum
1243 1971 1327 2031 vete·

14 2069 84 2112 rum
126 2048 382 2116 Christianorum
420 2052 583 2135 cognitum
620 2050 754 2116 habeat:
791 2051 1094 2140 Alexandrinorum,
1129 2053 1328 2132 Latinorum,

15 2136 163 2216 lictoris,
187 2138 328 2218 Victorii,
351 2139 514 2218 Victorini,
539 2139 711 2223 Hippolyti,
735 2139 914 2222 Theophili,
938 2140 1066 2224 cyrilli?
1110 2141 1179 2205 Nisi
1200 2147 1327 2207 contro·

13 2226 136 2289 ιιιιιιιι
168 2226 208 2291 de
237 2228 390 2310 paschate
419 2229 554 2294 fuissent
582 2227 722 2293 historiis
751 2228 935 2309 mandatae,
965 2249 1058 2295 nemo
1086 2229 1159 2295 illas
1188 2231 1329 2296 rationes
1441 2288 1443 2309 ,

13 2313 107 2379 hodie
136 2320 246 2396 posset
274 2335 396 2381 eruere.
446 2319 489 2383 Et
518 2323 628 2382 tamen
657 2317 756 2400 paulo
785 2323 861 2382 ante
891 2339 955 2382 nou
984 2318 1085 2382 defuit
1114 2338 1153 2382 ex
1182 2318 1329 2401 patribus
1394 2348 1402 2361 .

13 2402 222 2485 Epiphanius,
240 2404 424 2485 'qnondam'
438 2406 591 2483 Judaeus,
619 2406 677 2489 qui
699 2405 844 2471 usualem
866 2403 994 2470 illorum
1017 2411 1203 2488 computum
1224 2429 1325 2472 anno-

13 2502 151 2573 rumque
174 2498 217 2558 84
239 2494 361 2578 cyclum
375 2514 435 2577 per
449 2500 559 2577 partes
573 2494 779 2571 describeret,
796 2495 917 2577 ¹Itaque
931 2517 997 2560 non
1008 2495 1138 2579 penitus
1152 2494 1328 2577 ignoratur,

14 2585 48 2643 ut
69 2580 229 2646 innuebat
250 2581 395 2668 objectio,
418 2583 479 2648 etsi
501 2583 604 2665 multa
625 2583 883 2657 desiderantum,

100 2668 264 2735 iohannes
297 2671 395 2753 igitur
427 2670 559 2737 Juliano
595 2676 646 2734 73.
679 2673 712 2735 in
743 2671 826 2743 ιιιιο
859 2671 1060 2736 solennitatis
1093 2669 1243 2736 tubarum
1277 2673 1328 2738 rel

13 2757 139 2822 ιιιιιιιι
161 2758 247 2822 ridet
233 2764 288 2823 tur
311 2761 451 2843 coepisse
474 2759 657 2842 praedicere
679 2766 713 2823 ιι
735 2755 913 2841 baptisare:
936 2760 997 2825 nd
993 2781 1067 2824 euin
1081 2760 1167 2824 venit
1183 2760 1288 2825 Christ
1274 2768 1328 2827 tus

13 2846 56 2909 rel
85 2846 203 2911 eodem
224 2868 309 2913 anno
333 2855 389 2914 73.
409 2856 439 2914 5.
459 2847 648 2914 Novembris
670 2847 722 2912 vel
743 2849 888 2949 sequenti
911 2853 963 2913 74.
985 2855 1017 2915 6.
1040 2848 1195 2927 Januarii,
1226 2870 1327 2916 annos

13 2940 108 2998 natus
65 2936 218 3018 us(non
238 2936 304 3000 fere
326 2937 379 3001 rel
399 2937 542 3020 proxime
563 2937 619 3017 30)
650 2928 756 3001 sed
729 2937 821 3008 circit
821 2957 858 3000 er
807 2936 930 3001 trel
952 2938 1045 3020 quasi
1069 2941 1119 3016 30,
1142 2938 1264 3020 siquis
1287 2960 1327 3004 eir

13 3029 138 3087 statura
165 3029 199 3088 et
223 3024 305 3090 facie
323 3026 477 3111 judiciuin
499 3025 546 3089 de
561 3031 668 3090 aetate
636 3024 790 3089 ttlerre
776 3024 869 3106 tide
891 3030 974 3092 nath
997 3025 1045 3092 eiu
1059 3024 1170 3094 illanc
1189 3025 1260 3092 uuib
1285 3034 1325 3092 30

13 3111 94 3193 lolii
118 3130 158 3177 cii
160 3111 276 3195 quietius
242 3116 300 3195 ιιι)
332 3116 491 3180 verissime
521 3119 632 3179 autem
660 3113 799 3179 habehat
827 3114 895 3180 fere
925 3120 977 3189 33.
1022 3114 1103 3180 lide
1126 3135 1220 3180 usum
1242 3117 1326 3182 uncis

13 3199 76 3265 duri
99 3200 188 3278 alibi,
213 3208 249 3266 ιιι
270 3201 409 3269 Johanu.
433 3206 475 3283 6.,
498 3204 631 3268 hune

94 3251 243 3355 Priniuni
273 3312 348 3375 ergo
379 3253 499 3375 pascha
527 3291 692 3356 ministerii
722 3290 838 3357 Christi
867 3292 996 3357 Juliano
1027 3297 1079 3357 74.
1103 3291 1325 3373 (remansi.

13 3388 33 3442 ι.
70 3382 143 3457 23.)
189 3379 307 3445 'liberii
340 3381 469 3446 decimis
503 3381 604 3445 sextis
640 3382 728 3446 Coss.
773 3381 829 3444 Et
801 3386 957 3462 tpotest
984 3380 1118 3446 loannis
1149 3388 1180 3458 4.
1212 3403 1240 3445 v
1272 3389 1325 3447 45.

13 3466 143 3550 uitelligi
166 3489 230 3532 non
252 3475 380 3534 tantuin
401 3470 442 3535 de
464 3469 525 3534 hoo
546 3470 707 3570 paschata
666 3468 789 3532 tsed
811 3470 909 3534 etiam
924 3469 964 3550 de
978 3469 1168 3552 scenopegia
1183 3470 1327 3557 ejusdem

13 3555 94 3619 inni.
140 3549 259 3622 Postea
284 3558 394 3627 aliud
401 3560 518 3625 festum
545 3559 651 3626 minus
678 3578 777 3639 quam
799 3565 939 3639 quatuor
960 3558 1121 3625 mensibus
1143 3565 1219 3624 ante
1242 3580 1324 3626 mes-
1428 3587 1430 3598 =

13 3664 74 3707 iem
114 3645 281 3723 (doliannis
315 3653 346 3713 4.
380 3669 421 3711 v.
444 3654 496 3715 35
529 3654 623 3714 ιι5.
652 3669 682 3709 ι.
712 3642 767 3726 1..)
812 3646 896 3712 Puto
908 3634 1101 3721 fuiseefest
1102 3650 1325 3726 umsortium,

13 3732 136 3813 phurim
166 3734 231 3800 dict
217 3741 296 3801 t.uui
342 3736 526 3802 Secundum
555 3735 677 3819 paseha
706 3734 835 3800 Juliano
867 3741 920 3802 75.
956 3736 1124 3819 (iohannis
1155 3743 1187 3802 6.
1217 3758 1246 3800 ι.
1279 3744 1324 3815 4.)
1434 3797 1437 3811 ,
1548 3763 1552 3773 ·

13 3820 128 3885 ιιιιιιι
154 3827 203 3887 17.
228 3824 324 3891 Coss.
339 3827 528 3912 scenopegia
551 3829 619 3910 ejus
642 3823 719 3888 anni
743 3823 895 3906 (dohann.
920 3830 950 3890 7.
972 3847 1002 3890 ι.
1027 3829 1055 3904 2,
1081 3830 1111 3904 3,
1137 3825 1203 3906 37).
1249 3824 1326 3893 lude

13 3910 161 3976 mosania
182 3913 294 3995 templi
315 3913 425 3991 liieine,
449 3914 483 3979 id
499 3919 577 3979 estt
578 3919 702 3994 empest
704 3933 781 3977 noso
797 3920 829 3977 ιι
845 3913 950 3996 pluvio
966 3913 1064 3994 coelo,
1088 3913 1135 3978 sic
1148 3919 1184 3979 ut
1170 3913 1326 3979 tChu’sto

13 3997 101 4063 luerit
130 3999 361 4067 ambulandum
383 3963 443 4067 siib
464 4003 592 4085 porticu
613 4000 793 4067 Salomonis
816 4002 902 4083 (Joh.
928 4007 978 4067 10.
1001 4025 1034 4068 ι.
1057 4001 1135 4083 22.)
1181 4003 1326 4067 Tertium

13 4087 136 4168 pasche,
159 4113 371 4175 σταυρωσιμιι,
402 4091 533 4157 Juliano
558 4094 609 4168 76,
632 4088 751 4155 Τιιιιιι
773 4089 900 4155 decimis
923 4091 1045 4157 octaris
1068 4091 1155 4156 (loss.
1180 4092 1326 4157 Romano

13 4195 103 4255 nors,
128 4179 275 4260 quamvis
298 4201 318 4246 a
340 4179 423 4244 die
414 4181 540 4263 imperii
561 4185 618 4244 aut
640 4201 661 4244 a
685 4177 816 4245 Calend.
840 4180 913 4246 Jan.
937 4187 1082 4246 curreret
1097 4180 1237 4245 decimus
1254 4200 1325 4261 sep

13 4227 377 4368 insinuandum
399 4276 509 4333 autem
534 4269 605 4333 dico
627 4288 750 4332 morem
771 4268 962 4347 Romanum,
986 4269 1018 4333 id
1033 4269 1231 4334 intellectum
1254 4268 1326 4334 volo

13 4351 44 4415 ιιι
68 4355 178 4419 usuali
199 4334 292 4421 initio
314 4357 390 4421 anni
414 4357 482 4424 Cal.
505 4357 661 4435 dennuni,
687 4355 816 4439 quando
839 4357 952 4422 ineunt
974 4357 1073 4433 Ooss,
1098 4362 1131 4421 et
1117 4357 1194 4422 tde
1216 4378 1325 4422 nume·

13 4443 125 4509 udone
139 4464 300 4510 annorum
315 4446 447 4530 publica
461 4466 520 4529 per
536 4445 623 4512 Goss.
626 4466 689 4509 non
704 4465 763 4527 pei·
777 4467 878 4511 annos
894 4446 1070 4529 lmppt
1056 4446 1224 4522 tinterim,
1248 4446 1326 4511 dum

14 4548 60 4610 ego
78 4533 152 4598 dico
172 4533 409 4599 decimumt
356 4554 394 4599 oc
395 4542 503 4600 tarum
525 4533 654 4610 Tiberii,
678 4554 746 4599 mos
769 4541 820 4598 est
840 4536 1005 4614 Judsious,
1028 4534 1238 4617 dispertiendi
1257 4534 1324 4599 su'c·

15 4621 153 4687 ιιιιιοιιιι
181 4642 304 4688 annum
328 4624 399 4705 (qni
420 4625 481 4689 luit
504 4630 556 4691 50.
580 4619 742 4694 Julianus)
765 4621 848 4688 inter
870 4644 1086 4689 successorem
1109 4622 1269 4687 Tiberium
1295 4631 1327 4688 et

17 4704 198 4778 decessorem
215 4715 406 4794 Augustum.
438 4713 508 4778 Etsi
522 4714 555 4778 in
572 4713 661 4777 Luca
673 4711 876 4792 Evangelista
893 4735 1023 4795 possum
1039 4713 1137 4804 etiam
1153 4712 1324 4778 adnuttere
