3142 5476
108 280 112 287 -
181 249 244 317 rsa
533 302 536 305 .
649 250 755 334 ross
764 203 851 327 ua·
860 262 1056 334 amusan

178 412 254 481 uine.
290 410 341 475 Ad
361 408 525 492 Augustini
545 410 660 488 dictum
675 416 740 483 d’sc
752 420 773 480 1,
785 413 823 484 t.)
840 411 1026 494 respondeo,
1044 415 1164 492 patrem
1183 409 1267 474 illum
1287 409 1442 473 intentum
1454 427 1513 490 mp-

178 500 274 564 sterio
283 500 393 562 senarii
400 499 546 562 eliciendo
556 517 636 582 vaga
644 499 823 575 intentione,
839 502 980 565 sLunari
995 500 1114 582 quidam
1129 517 1208 562 anno
1219 499 1369 581 coepisse,
1384 499 1416 561 iu
1426 497 1513 563 Sola·

179 607 243 657 rem
258 607 329 654 varo
345 588 470 670 deniqne
486 588 648 671 delapsum
658 609 736 654 esse
765 587 920 661 Quantum
933 590 1027 671 igitur
1042 588 1082 652 ad
1096 588 1189 669 prins,
1204 608 1311 664 annus,
1324 589 1435 669 inquit,
1447 607 1516 651 unus

178 678 298 747 mnario
313 677 408 760 pollet
424 672 457 758 (i.
473 697 498 740 e.
515 679 615 742 sexies
630 678 673 743 60
689 680 755 742 dies
769 674 896 761 habet),
918 680 944 742 si
963 679 1002 742 12
1016 696 1138 762 menses
1152 677 1265 759 integri
1281 677 1516 750 considerantur,

178 788 254 851 quos
268 766 376 830 triceni
391 766 455 833 dies
470 768 630 849 complent
668 767 810 833 Nondum
824 769 914 844 dicit,
937 768 963 830 si
979 767 1205 832 dissimulentur
1219 766 1240 830 b
1256 785 1469 850 epagomenae
1483 766 1516 829 ad

58 868 59 871 ’
179 856 386 938 complendum
400 875 509 918 annum
524 856 679 933 Solarem,
701 856 755 921 sed
777 859 835 921 boc
856 857 991 922 vicissim
1010 858 1110 920 addit:
1143 856 1256 931 ,talem
1271 857 1384 939 quippe
1399 864 1517 921 veteres

179 947 385 1019 observarunt,
400 963 486 1027 quem
502 946 644 1009 circuitus
658 947 790 1014 Lunaris
806 946 970 1017 ostendit“.
998 946 1094 1027 Atqui
1109 964 1206 1009 annus
1222 947 1361 1027 simplex,
1385 963 1476 1027 quem
1488 951 1518 1008 ut

179 1034 304 1100 aucuitu
318 1032 429 1096 Lunari
446 1042 601 1101 ostensum
615 1044 737 1100 veteres
753 1035 967 1110 observarant,
983 1054 1081 1099 annus
1095 1035 1139 1110 is,
1154 1035 1289 1116 iuquam,
1311 1053 1386 1098 uere
1402 1034 1517 1116 quiden

177 1123 283 1198 imbuit
305 1122 369 1185 dies
384 1120 457 1196 354,
472 1125 606 1205 reputati
627 1145 701 1188 vero
716 1130 788 1205 sunt
809 1124 901 1207 iipro
923 1124 1027 1188 diebus
1042 1123 1123 1198 360,
1144 1130 1271 1205 propter
1295 1124 1337 1186 12
1359 1128 1518 1206 sumatur

177 1212 330 1276 mensium
367 1213 489 1275 Annum
509 1232 598 1288 vero,
620 1215 671 1296 qui
683 1214 751 1278 360
766 1232 838 1278 vers
860 1214 965 1281 diebus
987 1219 1125 1288 constat,
1146 1231 1207 1277 nen
1223 1213 1360 1277 ostendit
1377 1214 1517 1279 circuitus

177 1301 317 1366 Lunaris.
360 1300 426 1363 Nec
447 1301 509 1364 ulla
531 1309 619 1366 aetas
641 1310 705 1368 tam
726 1303 784 1370 tuit
804 1304 903 1378 rudis,
924 1322 1001 1385 quae
1021 1320 1133 1366 annum
1146 1301 1298 1367 Lunarem
1318 1301 1386 1367 360
1408 1303 1517 1367 diarum

180 1393 311 1465 lacerat,
335 1389 404 1453 huic
421 1389 554 1473 opinioni
584 1411 656 1455 snae
677 1393 838 1474 indulgens
862 1393 895 1456 in
917 1392 1038 1474 publica
1061 1391 1253 1455 ordinatione
1277 1392 1350 1456 anni
1372 1399 1517 1474 tanquan

119 1552 123 1556 ,
177 1479 1299 1565 Lunarisucmirsr,1>eoau·uuus>hochommibuspsrsusdersvelle.
1344 1479 1516 1562 Namqnod

177 1574 212 1642 (1,
231 1571 267 1639 7)
286 1587 324 1630 ax
338 1555 485 1651 Dionysio
506 1569 630 1634 Abbate
643 1572 755 1646 affert,
780 1571 834 1634 illa
855 1590 1018 1653 pancorum
1040 1577 1144 1637 aetate
1169 1569 1310 1651 Dionysii
1332 1570 1392 1636 luit
1420 1570 1515 1635 hallu·

179 1657 305 1733 cinatio,
327 1658 432 1740 quibus
448 1659 564 1722 suimus
580 1660 726 1723 errabat
717 1680 749 1723 ιιι
765 1680 844 1723 anno
860 1660 975 1736 Solari,
997 1678 1085 1742 pem
1099 1666 1204 1726 temen
1216 1659 1319 1724 verbis
1332 1677 1391 1740 pro
1406 1657 1515 1726 Lenaei

177 1747 383 1810 venditabant
414 1745 594 1830 Quanquam
608 1750 689 1812 band
710 1747 892 1813 credendum
906 1755 968 1823 est,
988 1748 1169 1830 Dionysium
1181 1748 1339 1829 indulgere
1361 1750 1517 1823 amoribus,

178 1855 217 1900 ex
231 1837 320 1900 triuio
334 1837 453 1918 petitis,
470 1838 647 1902 refutandis.
683 1835 765 1909 Quin
783 1839 885 1918 potius
904 1836 955 1906 ille
970 1839 1021 1901 vel
1040 1837 1204 1918 scriptores
1219 1838 1357 1902 celebres
1376 1837 1429 1901 vel
1444 1838 1515 1901 hunc
1535 1877 1537 1890 ι

177 1926 274 2008 ipsum
293 1926 471 2010 Augustini,
494 1934 640 2010 tanquam
655 1927 813 1991 coaetanei
833 1935 887 1991 aut
911 1947 944 1992 ss
958 1927 1094 2009 proxime
1116 1925 1346 2002 antecedentis,
1367 1927 1470 1991 locum
1484 1943 1515 1990 as

178 2015 315 2099 professo
331 2033 457 2096 arguero
472 2014 605 2092 videtur,
625 2016 754 2080 sisimul
768 2017 800 2080 in
815 2016 1092 2088 ,considerstlonsm
1113 2015 1247 2082 adducas
1265 2015 1386 2098 reliqua
1399 2016 1440 2078 de
1456 2017 1514 2079 loco

177 2104 378 2185 Augustinisi,
391 2109 427 2174 8.)
446 2105 604 2186 producta,
624 2113 659 2169 nt
674 2106 825 2187 quaejam
841 2106 961 2179 omuino
976 2113 1009 2168 at
1023 2106 1061 2168 de
1077 2106 1097 2169 5
1111 2105 1307 2185 epagomenis
1322 2114 1442 2187 agenn
1464 2105 1514 2169 ba·

173 2212 242 2264 rum
258 2193 336 2258 enim
349 2193 500 2256 mentione
511 2194 577 2274 jam
592 2195 653 2270 illa,
668 2214 744 2277 quae
761 2196 798 2257 de
817 2195 969 2277 lt‘plenis
984 2195 1138 2268 mensibus
1151 2192 1238 2269 dixit,
1257 2214 1318 2258 non
1333 2195 1467 2276 amplius
1482 2193 1515 2262 sd

177 2283 327 2352 Lunarem
341 2282 489 2361 rationem
503 2291 539 2345 ut
552 2283 635 2364 prius
650 2291 779 2366 possunt
793 2285 931 2365 expendi.
965 2283 1054 2349 Unde
1067 2282 1181 2365 liquido
1197 2290 1334 2360 wustat,
1358 2303 1398 2350 ex
1413 2284 1514 2366 Augu·

179 2372 259 2436 stino
276 2379 308 2436 et
320 2372 468 2454 Dionysio
485 2391 545 2436 non
558 2373 697 2453 probari,
719 2392 830 2437 anunm
845 2375 915 2437 dum
930 2372 1118 2437 aavateribue
1132 2385 1188 2453 pro
1202 2372 1317 2436 Lunari
1332 2373 1516 2438 celebratum

179 2480 262 2537 esse,
284 2460 334 2543 qui
353 2460 524 2526 tricenariis
547 2469 704 2532 conmaret
722 2462 883 2539 mensibus
921 2461 1058 2526 Alias-si
1077 2461 1180 2535 deleas
1198 2461 1230 2527 iu
1249 2468 1339 2525 textu
1354 2460 1515 2544 Augustini

178 2550 489 2632 adjectionemillam:
508 2570 614 2634 „quem
630 2551 772 2615 circuitus
780 2552 911 2616 Lunsris
926 2550 1093 2624 ostendit“‚
1108 2557 1180 2613 tunc
1195 2550 1312 2617 taedius
1322 2552 1514 2632 transigimus

178 2659 245 2715 cum
259 2640 439 2721 Augustino,
455 2639 534 2722 quod
550 2641 691 2722 loquatur
705 2661 747 2704 sc.
763 2641 801 2704 da
812 2660 892 2713 auno
901 2640 1055 2722 primaevo
1065 2638 1204 2709 Asiatico
1220 2637 1331 2715 Solari,
1345 2640 1440 2724 idque
1454 2658 1514 2706 ean

180 2729 316 2794 Gemino.
345 2730 452 2810 ltaque
468 2748 529 2793 non
543 2729 709 2810 pertinebit
730 2730 795 2811 eJ'us
809 2731 894 2795 locus
910 2731 950 2794 ad
965 2730 1058 2793 illam
1063 2726 1175 2793 Graeci
1187 2728 1262 2794 anni
1276 2730 1423 2807 formam,
1445 2748 1513 2813 quse

178 2818 244 2883 60'
236 2839 267 2882 ιιι
281 2818 480 2889 tetrabterida
495 2837 616 2882 menses
632 2820 775 2901 explicat
913 2884 915 2887 .

264 2907 395 2971 Desinat
415 2906 507 2987 igitur
526 2908 673 2971 Petavius
696 2907 871 2999 Geminum,
899 2887 1213 2982 cenomanniae
1236 2915 1379 2981 auctores
1398 2908 1514 2988 jectam

169 2995 320 3062 'affirmati
335 2996 398 3072 sui,
419 2997 498 3078 quod
519 3004 640 3060 veteres
661 2997 799 3074 Lunares
820 3015 941 3063 menses
964 3015 1069 3060 omnes
1089 2997 1131 3059 30
1152 2996 1267 3060 dierum
1288 2998 1515 3063 aestimaverint

179 3086 471 3167 celebraverintqne,
493 3084 536 3148 illi
559 3087 637 3149 enirn
660 3088 697 3149 de
719 3086 872 3150 mensibus
893 3085 1056 3168 loquuntur
1079 3105 1150 3152 mm
1141 3083 1284 3148 Solaris
1308 3093 1341 3150 et
1363 3087 1402 3150 de
1423 3088 1515 3169 prima

179 3175 337 3240 occasione
352 3175 466 3238 numeri
482 3177 525 3238 30
539 3176 571 3238 in
586 3194 720 3241 mensem
736 3175 884 3255 adoptati,
899 3175 1089 3256 Augustinus
1104 3192 1186 3248 varo,
1201 3191 1268 3236 oum
1283 3174 1373 3255 lapsu
1388 3177 1515 3239 fortasse

73 3302 77 3325 ι
177 3265 338 3347 memoriae
352 3265 490 3328 voculam
499 3265 593 3329 talem
603 3263 785 3345 scripsisset,
797 3263 948 3345 Dionysio
964 3262 1285 3344 sibiaetateprnximo
1295 3265 1515 3338 cansamdedil,

178 3355 397 3419 absurditatem
417 3354 491 3416 dicti
510 3354 674 3417 refellendi.
709 3353 884 3434 Perpendat
904 3353 1064 3427 Patavina,
1086 3360 1231 3433 quantam
1244 3353 1401 3420 veteribus
1416 3355 1514 3418 deiur-

179 3443 316 3506 mitatem
331 3444 459 3519 tribuat,
482 3443 552 3505 anni
568 3463 610 3506 sc.
629 3443 759 3507 Lnnaris
775 3443 891 3509 dierum
905 3437 982 3516 3⁷5,
1006 3442 1076 3525 dum
1089 3440 1278 3507 Herodotum
1299 3442 1428 3506 obtorto
1444 3444 1514 3508 collo

132 3578 133 3581 ,
178 3533 274 3596 trahit
289 3533 337 3597 ad
342 3532 547 3595 testimoninm
562 3531 631 3598 huuc
641 3550 772 3613 opimonr
764 3529 1006 3612 perhibendum
1029 3511 1097 3595 Hoc
1112 3529 1248 3611 equidem
1260 3531 1450 3611 gramnsest
1463 3532 1514 3595 ad·

59 3656 61 3663 >
177 3621 302 3688 missum
315 3622 345 3684 in
360 3621 557 3696 Herodotum,
572 3640 662 3703 quam
677 3620 747 3684 falsi
761 3620 852 3699 illum,
868 3621 947 3701 quod
956 3618 1113 3700 Scaligero
1130 3620 1304 3699 exprobrat,
1318 3638 1406 3683 reum
1421 3639 1514 3703 agera

75 3736 80 3750 ·
212 3702 381 3794 Objicit
401 3710 548 3774 Petavius
573 3716 603 3780 (Ι,
616 3715 653 3782 8.)
671 3708 798 3774 Diodori
812 3710 924 3784 locum,
947 3708 998 3790 qui
1020 3715 1131 3777 testem
1151 3708 1300 3790 quendam
1315 3711 1467 3777 mendacii
1482 3727 1515 3776 ex

181 3817 217 3865 eo
234 3801 402 3863 convictum
417 3799 539 3874 scribit,
561 3800 640 3879 qnod
661 3799 774 3862 vidisse
797 3818 830 3861 se
846 3798 937 3864 alium
959 3804 992 3860 et
1006 3797 1174 3878 agnovisse
1191 3795 1228 3859 de
1251 3806 1340 3861 nocte
1364 3799 1406 3862 ad
1420 3799 1513 3863 lumen

180 3890 285 3953 Lunae
301 3889 439 3963 dixisset,
463 3888 571 3970 quippe
593 3895 683 3950 nocte
706 3888 875 3967 nnmeuiam
890 3894 997 3949 secuta
1018 3906 1054 3950 ac
1075 3893 1239 3967 propterea
1257 3886 1350 3950 illuni
1390 3888 1447 3953 Ab
1462 3889 1515 3954 boc

180 3979 246 4057 loco
261 3978 406 4043 Petavius
429 3995 496 4040 cnm
510 3976 699 4057 scaligerum
715 3976 882 4059 depulisset
901 3975 1008 4039 merito
1025 3995 1093 4051 suo,
1114 3982 1150 4038 nt
1165 3975 1215 4056 qui
1230 3994 1264 4038 ss
1280 3976 1447 4062 deridiculo
1463 3996 1514 4040 ex·

178 4067 339 4150 posuisset,
355 4066 422 4146 jam
436 4065 508 4129 mihi
522 4066 667 4140 imminet,
686 4073 783 4141 ratus,
804 4084 843 4127 se
854 4084 893 4128 ex
907 4084 943 4128 eo
959 4066 1025 4129 loco
1040 4063 1197 4145 probasse,
1216 4083 1334 4128 omnem
1347 4068 1515 4143 numenium

180 4155 351 4223 calendarii
367 4154 478 4220 Graeci
500 4174 609 4219 novam
631 4155 723 4219 etiarn
743 4155 776 4218 in
797 4154 881 4217 coelo
896 4153 1014 4227 Lunam
1036 4152 1195 4233 habuisse,
1217 4153 1249 4215 id
1262 4156 1344 4235 qnod
1367 4155 1515 4226 ordinatio

178 4253 346 4328 temporum
359 4252 448 4308 vetus
462 4245 603 4308 Romam
617 4263 678 4308 non
692 4245 816 4326 patitur.
845 4242 913 4324 Ego
928 4262 1001 4305 vero
1017 4241 1076 4305 etsi
1091 4243 1180 4315 facile
1195 4242 1227 4306 id
1242 4243 1394 4321 concedo,
1416 4263 1516 4308 rmum

178 4334 236 4400 hoc
251 4354 319 4399 esse
334 4333 372 4398 de
388 4335 573 4417 temporibus
587 4332 821 4417 posterioribus,
841 4340 1002 4414 postquam
1025 4331 1229 4396 octattoridss
1244 4333 1297 4403 isc.
1318 4332 1349 4396 iu
1365 4354 1455 4398 usum
1468 4354 1516 4398 re·
1564 4407 1568 4424 ί

180 4432 296 4506 ceptae,
319 4425 429 4490 saltem
444 4443 463 4487 e
477 4423 723 4504 magistratibus,
746 4423 826 4505 apud
841 4441 916 4503 qnos
931 4421 1005 4493 illud
1015 4417 1161 4500 jndicinm
1174 4423 1395 4502 peragebatur,
1418 4432 1517 4487 tamen

179 4533 240 4578 non
255 4532 330 4596 opus
344 4514 442 4579 habeo
465 4514 574 4594 effugio
589 4513 659 4575 isto.
694 4511 905 4592 Repraesento
930 4510 1008 4574 enim
1022 4510 1080 4571 bas
1100 4509 1347 4577 circumstantias
1369 4514 1519 4577 coelestes
1566 4551 1567 4556 κ

180 4603 272 4666 etiam
287 4604 318 4666 in
333 4611 407 4686 typo
422 4622 489 4667 meo
506 4601 576 4673 anni
591 4601 691 4666 Attici
708 4601 822 4664 crebro.
1566 4660 1568 4669 ,

77 4694 79 4699 ’
268 4693 352 4757 Loca
366 4691 522 4756 Plutarchi
538 4691 612 4754 nihil
626 4690 698 4754 mibi
714 4689 864 4764 officiunt,
886 4686 1006 4752 etiamsi
1021 4706 1180 4768 perperam
1200 4687 1395 4771 sScaligero
1411 4692 1523 4759 luerint
1567 4736 1570 4751 ,

179 4777 312 4846 adducta
327 4790 360 4844 et
373 4783 518 4860 mendosa
533 4780 575 4843 sit
589 4778 758 4854 distinctio,
779 4777 858 4861 quod
874 4786 907 4840 et
922 4778 991 4858 ipse
1007 4783 1079 4841 ante
1094 4777 1207 4848 multos
1222 4797 1325 4849 anuos-
1335 4789 1523 4868 nomseram
1567 4778 1569 4793 ²
