3112 5474
519 264 645 333 cassu
672 266 835 327 scissuras
1069 272 1073 275 ·
1200 225 1203 235 ’
1282 245 1350 315 289'

32 407 163 483 aueum,
185 405 392 489 superioribus
412 408 522 472 seculis
535 408 838 489 plurima-exstitisse
854 408 1051 483 documenta,
1073 406 1178 490 quibus
1194 408 1225 472 in
1240 409 1347 490 cogni-

28 495 118 560 tionem
133 496 222 577 hujus
238 497 282 560 rei
298 497 392 560 veniri
408 498 568 577 potuisset,
591 516 668 579 quae
682 497 772 562 hodie
787 516 899 578 magpa
915 505 1057 578 exparte
1073 498 1259 560 interierunt.

90 587 135 647 At
149 605 211 648 non
226 586 295 648 ideo
310 587 431 666 perdita
446 605 496 649 res
512 594 574 648 est:
603 586 674 667 quin
687 587 789 667 potins
805 593 931 649 exstant
953 585 1099 666 hodieque
1124 586 1269 668 singulari
1288 585 1349 650 Dei

22 674 397 754 providentiamonnmenta
414 683 478 739 tarn
494 674 705 739 ecclesiastica
720 695 808 757 quam
823 676 959 757 profana,
976 675 1165 738 successione
1182 676 1349 739 seculorum
1396 686 1412 723 ὓ

22 771 40 824 rt
56 783 128 826 cura
153 764 312 826 doctorum
334 764 464 827 virorum
489 764 529 826 ad
549 784 604 827 nos
624 783 718 846 usque
738 771 938 839 conservata,
961 759 1037 846 quiae
1061 764 1199 827 sufficere
1220 772 1349 846 possunt

22 860 126 927 rostrae
144 852 322 932 diligentiae
337 853 377 915 ad
392 853 554 916 eruendam
569 853 739 916 veritatem.
785 851 874 925 Quod
889 873 961 916 vero
978 854 1092 917 attinet
1106 861 1245 916 veterum
1260 855 1348 935 ignc-

22 941 143 1015 nntiam,
158 942 287 1022 primum
303 942 340 1006 de
356 961 394 1004 ea
408 942 482 1005 nihil
497 941 640 1004 affirmari
662 949 774 1023 potest
815 940 874 1014 Qui
896 963 925 1004 n.
947 943 1037 1006 rebus
1059 942 1118 1024 ipsi
1140 943 1350 1017 interfuerunt,

22 1050 52 1092 os
74 1038 204 1093 constat
218 1031 292 1094 nihil
308 1050 500 1112 eorumquae
516 1032 624 1096 flerent
638 1031 812 1111 ignorasse,
833 1031 882 1113 qui
904 1030 1066 1113 verogipsis
1089 1040 1351 1112 rerumgestarum
1430 1045 1434 1051 ’

22 1114 231 1199 pestateribns
252 1120 387 1201 proxime
403 1128 631 1195 successerunt,
653 1120 675 1183 ii
689 1120 777 1201 >quod
793 1139 852 1183 non
875 1121 1101 1184 accuratissime
1126 1120 1353 1203 inquisiverunt,

22 1229 59 1271 on
80 1208 154 1271 ideo
177 1217 210 1271 et
232 1209 389 1289 ignorasse
412 1209 471 1272 dici
493 1217 630 1289 possunt.
675 1209 782 1272 Posito
797 1229 886 1284 vero,
909 1210 988 1291 quod
1011 1217 1154 1273 accurate
1171 1211 1351 1273 subductam

22 1317 150 1373 unorum
165 1317 312 1361 summam
327 1298 548 1380 ignoraverint,
570 1298 602 1361 id
618 1318 677 1360 non
693 1298 761 1360 ideo
777 1298 905 1372 facturn,
928 1299 1007 1380 quod
1022 1299 1158 1361 invenire
1173 1318 1277 1363 verum
1291 1318 1353 1360 non
1458 1292 1464 1302 ‘
1503 1371 1504 1379 ,

22 1386 174 1474 otnerint,
198 1387 339 1556 se)dquia
361 1388 398 1450 de
420 1387 596 1469 inquirendo
622 1406 682 1464 non
704 1386 878 1466 cogitarunt
899 1395 954 1449 aut
974 1387 1006 1450 in
1021 1406 1057 1451 eo
1078 1388 1277 1451 laborandum
1293 1407 1354 1450 non

22 1473 219 1538 onsuerunt*
238 1496 253 1538 .·
603 1522 606 1527 s
1362 1526 1370 1532 .

86 1566 229 1646 Ipsorum
245 1565 324 1631 enim
339 1573 476 1646 tempora
496 1560 653 1645 moresque
668 1564 804 1645 proxime
828 1572 917 1626 erant
937 1563 1046 1626 similia
1060 1563 1265 1645 Apostoliois;
1290 1583 1350 1627 nou

22 1655 94 1734 gitur
110 1673 208 1721 causa
221 1655 282 1717 illis
299 1662 367 1718 erat
382 1654 538 1718 dubitandi
555 1654 591 1716 de
608 1672 640 1716 re
661 1654 816 1735 quapiam,
837 1672 926 1735 quam
948 1652 1037 1715 hodie
1060 1653 1139 1717 forte
1159 1653 1353 1738 etmiramur

23 1744 234 1807 bnostrcrum
251 1752 418 1825 temporum
440 1743 713 1806 dissimilitudinem
736 1762 803 1805 cum
821 1741 1011 1824 ,temporibus
1027 1741 1102 1818 illis,
1125 1750 1158 1804 et
1172 1749 1207 1804 ut
1221 1741 1353 1805 incredi-

22 1833 94 1894 ilem
109 1832 143 1894 in
158 1832 281 1896 dubium
296 1852 405 1896 vocare
421 1829 578 1913 incipimus
589 1839 655 1912 ‚aut
670 1831 833 1896 insolentia
848 1831 990 1894 fascinati
1013 1850 1072 1894 non
1088 1833 1165 1895 satis
1186 1850 1242 1897 nos
1258 1849 1353 1912 expe·

22 1922 119 1995 imus,
142 1940 240 2002 eoque
254 1923 305 1997 fit,
325 1929 361 1984 ut
376 1921 550 1985 fortioribus
565 1921 666 1984 causis
680 1920 840 1984 incitemur
855 1921 895 1983 ad
909 1920 1104 2002 inquirendas
1120 1920 1289 2002 hujusmodi
1306 1939 1355 1983 res

22 2018 159 2086 etustas,
176 2018 332 2074 crescente
348 2011 429 2091 apud
439 2011 638 2091 chronologos
655 2029 721 2073 cum
736 2010 805 2092 ipsa
819 2010 1028 2092 quaestionum
1043 2009 1223 2092 difficultate
1238 2007 1356 2072 sciendi

23 2099 185 2179 upiditate.
232 2097 291 2170 Qui
307 2099 333 2162 si
348 2099 541 2180 arrogantiae
557 2098 802 2181 pertinaciaeque
819 2099 958 2180 scopulos
982 2099 1151 2174 declinent,
1175 2099 1200 2161 si
1223 2097 1355 2161 certiora

22 2188 186 2251 lacentibus
195 2188 315 2264 cedant,
330 2189 492 2252 veritatem
507 2189 730 2269 amplectantur
740 2189 883 2263 oblatam,
899 2189 1036 2270 equidem
1051 2208 1105 2268 pro
1121 2188 1222 2251 sciolis
1231 2186 1354 2249 vitiliti-

22 2277 164 2356 :arcubus
180 2277 362 2341 traducendi
376 2296 436 2340 non
452 2285 538 2353 sunt,
561 2277 631 2358 quin
646 2277 748 2358 potins
764 2277 823 2340 Dei
847 2277 993 2340 creatoris
1016 2277 1185 2358 exemplum
1206 2277 1255 2341 hic
1278 2280 1354 2357 qua·-

22 2366 168 2428 lamtenns
183 2365 354 2430 imitantur:
384 2374 420 2429 ut
442 2366 520 2429 enirn
541 2367 592 2434 ille
608 2386 628 2433 e
642 2365 777 2430 tenebris
793 2366 891 2428 lucem
913 2365 1121 2429 admirabilem
1136 2366 1294 2447 produxit,
1317 2384 1355 2426 ex

22 2455 84 2517 nalo
108 2474 198 2529 uero,
220 2464 369 2537 utcunque
391 2455 468 2518 velis
490 2455 585 2529 malo,
609 2473 728 2535 semper
749 2454 821 2518 boni
845 2455 915 2535 qnid
936 2454 1032 2517 elicit:
1063 2455 1108 2521 sic
1127 2457 1158 2518 bi
1182 2475 1219 2517 ex
1234 2453 1356 2517 hnmani

22 2543 126 2622 generis
143 2544 304 2620 erroribus,
320 2564 359 2607 ex
373 2544 477 2609 litibus
493 2552 526 2606 et
541 2543 784 2623 contentionibus
800 2544 962 2606 veritatem
984 2543 1015 2606 in
1031 2552 1169 2624 apertum
1190 2545 1355 2625 proiemnt

91 2627 226 2696 Accedit
240 2633 445 2715 superioribus
461 2633 607 2696 hodierna
624 2632 844 2716 typographiae
861 2632 1069 2708 commoditas,
1084 2652 1143 2714 qua
1158 2633 1200 2707 iit,
1217 2640 1251 2694 ut
1266 2632 1355 2695 hodie

22 2721 100 2783 nnita
115 2722 246 2785 feliciter
262 2722 361 2786 decidi
375 2721 506 2803 possint,
520 2741 597 2804 quae
614 2722 684 2785 olim
700 2722 730 2783 in
746 2721 879 2784 tenebris
895 2721 1058 2784 latuerunt.
1101 2721 1171 2783 Etsi
1187 2720 1266 2783 enim
1282 2721 1355 2783 olim

22 2828 124 2892 quoqne
146 2811 340 2876 biblothecae
362 2812 484 2874 fuerunt
504 2805 758 2874 instructissimae
779 2809 979 2892 librorumque
1011 2809 1098 2890 copia
1118 2809 1356 2884 innumerabilis,

22 2918 132 2979 qnorum
153 2900 286 2963 maxima
307 2921 379 2981 pars
409 2900 537 2974 interiit,
568 2900 663 2962 defuit
687 2906 789 2962 tarum
812 2900 873 2962 illis
900 2899 986 2978 justa
1011 2899 1227 2980 exemplarium
1250 2898 1354 2979 copia3

22 3005 100 3066 quare
116 2989 239 3064 factum,
254 2998 290 3051 ut
303 2989 439 3070 plerique
454 2988 591 3070 quamvis
606 2987 726 3068 ingenio
736 2989 963 3051 instructissimi
973 2987 1012 3050 ab
1027 2987 1241 3068 investigando
1251 2994 1354 3049 tumen

22 3075 226 3152 abstinuerint,
249 3078 386 3141 contenti
401 3096 564 3158 paucorum
579 3077 745 3159 aliquorum
760 3076 924 3152 industria,
948 3077 997 3158 qui
1013 3076 1045 3138 in
1059 3078 1205 3140 materias
1222 3077 1353 3138 chrono-

22 3164 122 3245 logicas
143 3166 223 3230 omni
246 3167 346 3230 studio
369 3166 580 3242 incubuerunt,
605 3184 728 3247 quonum
744 3166 943 3246 pronunciata
964 3173 999 3228 ut
1020 3174 1105 3229 certa
1125 3173 1304 3249 receperunt
1320 3171 1352 3225 et

22 3251 115 3316 iducia
136 3256 207 3317 freti
221 3255 333 3318 imitati
349 3264 421 3330 sunt
442 3256 531 3336 inque
546 3274 625 3316 suos
640 3274 713 3337 usus
728 3255 808 3317 inter
830 3255 1020 3331 scribendum
1036 3262 1260 3318 converterunt.
1300 3252 1352 3316 Sic

22 3339 219 3422 Eupolemum,
242 3346 286 3407 sic
306 3345 506 3419 Pancdcrnm,
527 3343 697 3421 Tatianum,
721 3342 882 3412 Castorem
897 3345 1032 3423 allegant
1047 3344 1242 3426 Theophilus,
1263 3343 1351 3407 Afri-

22 3446 108 3507 :anns
123 3431 274 3508 Clemens,
289 3441 433 3515 utrosque
447 3433 596 3508 Eusebius
613 3440 646 3495 et
660 3432 742 3494 illius
757 3433 927 3496 translator
942 3433 1153 3514 Hieronymus,
1176 3431 1351 3514 chronologi

22 3520 126 3597 quidem
140 3538 245 3584 omnes
262 3530 294 3585 et
309 3523 386 3586 alius
403 3522 493 3584 alium
507 3522 630 3584 interim
644 3521 831 3603 corrigentes
838 3540 848 3597 3
866 3531 899 3584 at
907 3523 1072 3584 Eusebium
1087 3523 1352 3604 etHiercnymum,

22 3609 100 3671 veluti
116 3629 210 3673 cansa
220 3610 373 3690 judicata,
395 3610 484 3673 turha
499 3611 625 3674 Petrum
641 3617 703 3673 tam
721 3609 907 3673 Graecorum
922 3630 1011 3693 quam
1025 3611 1203 3674 Latinorum
1219 3630 1351 3692 sequun-

22 3700 61 3758 tur
80 3699 144 3761 sine
169 3701 356 3780 exceptione.
401 3700 448 3762 At
469 3699 501 3761 hi
524 3707 587 3763 tem
609 3700 712 3780 pauoi,
735 3700 785 3781 qui
801 3700 910 3775 serium
924 3701 955 3762 iu
979 3694 1204 3781 chronologiam
1220 3699 1352 3762 studium

22 3796 182 3864 posuerunt,
196 3789 314 3868 gemino
330 3788 428 3854 labori
443 3789 574 3868 impares
590 3789 683 3850 fnisse
695 3790 847 3863 videntur,
863 3798 938 3851 utet
953 3789 1102 3854 infinitam
1112 3789 1255 3852 librorum
1270 3788 1350 3850 mul-

22 3874 164 3939 titudinem
180 3876 365 3952 evolverent,
380 3885 575 3952 monumenta
589 3877 630 3940 ad
644 3896 708 3951 rem
723 3878 868 3949 facientia
884 3877 1062 3958 colligerent
1077 3886 1110 3939 et
1126 3877 1212 3940 simul
1230 3876 1350 3957 singula

22 3967 143 4028 exactius
165 3966 374 4029 examinarent
393 3966 482 4047 inque
503 3966 638 4028 ordinem
659 3967 840 4046 redigerent
884 3969 962 4029 Fere
985 3966 1064 4029 enirn
1078 3967 1121 4041 fit,
1143 3966 1243 4046 utqui
1260 3966 1350 4028 durat

22 4052 50 4113 sd
57 4053 216 4116 lectionem
226 4054 417 4130 laboriosam,
433 4055 530 4117 miuus
545 4054 794 4136 polleatjudioio;
811 4063 843 4118 et
858 4055 907 4136 qui
918 4063 1036 4137 tempus
1046 4055 1120 4118 terit
1128 4055 1344 4137 pensiculando
1381 4072 1386 4083 ’

22 4169 219 4184 ...ασ--ησα

71 4225 94 4291 ‘l
112 4230 259 4295 Exemplum
272 4246 334 4296 cape
347 4231 477 4282 facilitatis
492 4230 597 4281 Petrum
615 4233 640 4282 in
653 4234 811 4283 admittenda
828 4231 932 4295 historia
943 4233 1096 4298 liv-angelica
1115 4234 1180 4282 citra
1191 4232 1345 4296 scrupulum.

22 4315 83 4349 acas
95 4303 168 4350 initia
180 4304 311 4352 ministerii
325 4301 416 4352 Christi
429 4304 523 4351 confert
536 4304 560 4351 in
573 4317 664 4351 annum
678 4304 718 4353 15.
732 4304 837 4361 Tiberii,
858 4304 900 4368 qui
913 4317 996 4366 annus,
1013 4317 1029 4352 a
1042 4305 1081 4354 die
1094 4304 1257 4354 successionis
1271 4309 1345 4366 puta-

22 4384 41 4420 rs
52 4379 123 4436 parte
136 4374 174 4421 sui
187 4376 320 4436 posteriore
334 4379 360 4421 et
370 4373 464 4436 potiore
478 4380 600 4422 monstrat
612 4375 725 4422 consules
737 4374 879 4424 Rubellium
891 4380 917 4423 et
925 4375 1020 4424 Rufum
1030 4374 1152 4424 Geminos.
1175 4373 1346 4425 Tertullianus

22 4444 76 4504 ,itur
94 4443 222 4493 Christum
239 4444 279 4494 bis
292 4444 359 4493 Coss.
379 4450 406 4493 et
424 4444 470 4493 hoe
490 4446 568 4493 etiam
587 4457 651 4493 anuo
670 4458 771 4507 passum
789 4446 851 4497 dixit
869 4448 995 4510 traxitque
1015 4447 1149 4495 multosex
1161 4446 1296 4506 Patribus,
1319 4451 1349 4494 ut

22 4515 124 4564 hristum
138 4528 204 4564 anno
215 4517 309 4565 aetatis
321 4514 363 4566 30.
376 4525 477 4577 passum
490 4517 612 4571 disertum
632 4531 693 4579 qnos
704 4518 769 4566 inter
782 4518 860 4567 etiam
872 4517 977 4580 Prosper
990 4525 1016 4567 et
1027 4516 1196 4575 Marcellinus.
1234 4516 1268 4566 At
1290 4531 1349 4566 raro

22 4602 25 4633 ι
42 4586 191 4651 colligentes
209 4592 235 4635 et
251 4587 386 4639 ministerio
406 4585 497 4637 Christi
516 4587 649 4636 triennium
668 4587 752 4637 deberi
770 4595 932 4653 reputantes,
951 4588 1121 4638 Tertullianus
1140 4588 1240 4652 quidem
1260 4593 1349 4637 contra

22 4656 152 4706 'arcionem
170 4656 296 4707 Christum
314 4658 412 4720 scripsit
425 4658 563 4707 revelatum
576 4657 668 4707 Tiberii
685 4672 749 4708 enno
769 4658 818 4718 tu,
832 4653 953 4723 Sulpicius
972 4674 1029 4709 roro
1049 4657 1154 4709 Severus
1173 4657 1261 4708 iisdem
1280 4657 1347 4708 Coss.

22 4744 50 4779 rm
63 4728 223 4779 Tertulliano
241 4740 342 4792 passum
355 4727 427 4786 dicit,
447 4729 493 4779 sed
505 4740 598 4778 annum
609 4728 700 4778 Tiberii
722 4727 763 4778 18.
778 4730 892 4780 ascribit:
910 4730 998 4780 Victor
1018 4731 1123 4794 deniqne
1137 4729 1270 4793 capuanus
1286 4729 1347 4793 bap·

22 4817 97 4852 nsum
110 4800 224 4850 Geminis
238 4798 306 4851 Coss.
319 4799 424 4850 asedbit
435 4805 462 4849 et
474 4813 538 4850 sano
551 4802 646 4852 semeis
656 4795 700 4859 27,
714 4801 811 4851 scillcet
822 4807 852 4852 ut
860 4803 1002 4868 passionom
1012 4798 1171 4853 retineret'iu
1183 4813 1248 4852 suno
1260 4799 1303 4852 30.

43 4885 139 4937 Kepleri
153 4885 226 4935 opera
239 4885 273 4926 lv.
1107 4889 1138 4941 qq
