3142 5476
508 1390 778 1473 rrrruusnrr
805 1356 904 1474 uno

279 1676 619 1807 JOANNI
660 1557 1132 1809 BirRWITIO

529 1868 611 1949 Soc
633 1867 728 1970 Coeo
747 1869 886 1974 Mojest.

173 1999 923 2225 RUDOLPHO
968 2020 1160 2290 Π.

209 2429 373 2506 Consiliis
401 2428 642 2529 imperialibus
671 2429 793 2504 aulicis
821 2443 857 2504 ct
884 2433 1030 2509 secretis
1056 2434 1210 2521 intimis,

522 2624 652 2690 Domino
668 2642 735 2690 meo
751 2627 896 2710 gratioso.

15 2770 48 2915 l,
136 2838 202 2906 oum
217 2839 365 2945 superion
355 2803 550 2903 aeabateS.
566 2838 654 2904 Caes.
670 2839 793 2921 Majest
808 2839 956 2922 permissu
978 2848 1010 2904 et
1024 2841 1114 2905 venia
1128 2859 1184 2923 per
1198 2808 1296 2906 Illnst
1311 2843 1370 2907 Do
1439 2915 1440 2919 Ἰ

74 2927 232 2995 mononem
240 2926 1374 3038 TuamimpetratainStyrismprofeotnsessem,domestioinegotiicauso,

9 2928 22 3117 l
73 3014 123 3083 loro
144 3022 270 3104 quodam
294 3019 462 3083 studiorum
483 3036 616 3082 meorum
631 3019 696 3082 fato
710 3019 839 3100 accidit,
859 3026 895 3082 nt
908 3020 1048 3084 venalem
1071 3018 1223 3085 Grastii
1214 3022 1380 3087 rnvenirom

5 3130 17 3239 p
69 3104 170 3175 lbellurn
190 3109 350 3175 Laurentii
370 3107 520 3191 Suslygae
539 3108 662 3184 Poloni,
692 3109 739 3172 cui
760 3108 882 3172 titulum
904 3110 991 3173 fecit:
1015 3109 1223 3175 ibeornnolo
1243 3111 1284 3176 de
1297 3131 1379 3177 omso
1469 3192 1473 3201 .

68 3208 126 3263 omre
144 3220 182 3265 oo
196 3199 307 3264 osortis
320 3198 473 3272 Domo‘m‘,
495 3198 592 3280 dequo
610 3199 757 3262 uniones
777 3198 855 3263 Jeeu
878 3197 1032 3277 Obricti'
1017 3221 1052 3264 m
1074 3221 1168 3266 corne
1188 3202 1377 3267 oeconomio.

66 3285 132 3370 lrjus
153 3291 222 3354 libri
247 3295 425 3370 argumento
445 3288 571 3351 mirifice
584 3267 771 3365 deleclatus,
794 3289 879 3371 coepi
901 3290 938 3353 de
961 3309 997 3352 eo
1020 3290 1173 3355 admeum
1193 3291 1326 3356 libellum
1342 3291 1380 3356 de

63 3377 127 3443 lora
141 3379 244 3444 Stella
260 3377 458 3461 Serpentsrii,
474 3396 563 3461 quem
576 3384 648 3441 tunc
663 3378 842 3454 meditabar,
857 3380 1112 3445 accommodando
1128 3381 1272 3464 cogitare.
1299 3383 1380 3446 Nam

63 3468 150 3534 irera
164 3470 297 3534 dixisset
311 3475 426 3544 auctor,
439 3475 569 3551 quatuor
585 3487 681 3542 annos
697 3467 884 3548 adjiciendos
898 3469 1032 3534 usitatae
1049 3469 1291 3536 Christianorum
1303 3490 1379 3554 epo·

61 3558 114 3624 else
133 3561 173 3624 ad
195 3566 333 3623 aetatem
344 3556 464 3623 ‘Christi
487 3556 743 3621 constituendam:
774 3557 955 3639 sequebatur
975 3559 1083 3640 igitur,
1107 3559 1261 3627 Christum
1275 3569 1381 3627 natum

61 3667 108 3714 osc
121 3669 201 3714 anno
210 3668 276 3718 ,uno
293 3655 385 3730 atque
401 3647 498 3713 altero
520 3654 592 3728 post
614 3646 855 3728 conjunctionem
873 3665 1016 3730 magnam
1035 3646 1126 3713 trium
1137 3651 1335 3733 superiorum
1349 3651 1381 3714 in

58 3740 183 3823 principio
195 3738 316 3808 Arietis
336 3756 390 3803 seu
412 3737 470 3800 fine
484 3736 633 3812 Piscium,
652 3758 674 3800 e
690 3757 749 3819 qna
770 3745 889 3801 sextum
912 3738 950 3802 ab
973 3740 1045 3802 orbe
1068 3738 1382 3804 conditorecnrrebat

58 3829 198 3911 tn'plicitas
220 3829 324 3911 ignea:
348 3826 469 3890 stellam
483 3826 583 3907 igitur,
600 3830 675 3908 quae
690 3828 801 3908 Magos
815 3826 959 3908 perduxit
973 3829 1013 3891 ad
1026 3828 1141 3894 Christi
1155 3848 1313 3912 praesepe,
1327 3835 1380 3892 ut-

56 3928 109 3999 pote
134 3917 256 3983 biennio
279 3916 478 3999 antiquiorem
499 3913 662 3980 nativitate
685 3915 813 3993 Christi,
835 3917 894 3981 hac
916 3917 1145 3983 circumstantia
1165 3927 1290 3983 nostrae
1311 3918 1382 3984 bulo

56 4010 144 4073 stellae
159 4008 254 4073 fuisse
271 4007 512 4088 comparandam
1420 4024 1424 4034 “

122 4098 200 4164 com
214 4097 307 4177 igitur
322 4095 556 4178 descriptionem
569 4095 668 4178 ipsam
682 4095 808 4172 Stellae,
825 4115 863 4159 es
879 4097 977 4160 officio
994 4097 1148 4179 scriptam,
1163 4096 1244 4161 Suae
1261 4097 1295 4163 O.
1306 4100 1378 4162 Ma·
1418 4111 1423 4120 ’

49 4185 104 4266 jort
126 4195 163 4252 ut
185 4186 274 4250 debui
297 4184 513 4250 dedicaverim:
541 4185 621 4248 hanc
644 4185 751 4250 unicae
778 4185 867 4266 hru'ns
892 4185 1138 4251 circumstantiae
1167 4188 1380 4270 temporariae,

52 4286 127 4359 quoto
144 4296 224 4340 anno
242 4274 358 4340 Christi
373 4274 492 4351 fulserit
507 4281 613 4338 nostra
628 4275 733 4351 stella,
754 4275 999 4351 elucidationem,
1020 4276 1051 4339 in
1066 4275 1120 4339 illo
1134 4295 1201 4340 meo
1223 4277 1285 4340 otio
1302 4276 1379 4360 Sty-

1 4431 2 4447 ,
49 4367 117 4432 daco
133 4367 290 4448 scriptam,
312 4365 359 4429 oui
374 4365 475 4445 potius
491 4366 615 4428 offeram
630 4383 720 4447 quarn
732 4365 831 4429 Illust
845 4365 934 4430 Dom.
948 4367 1041 4441 uuae,
1062 4371 1105 4442 nt,
1128 4366 1207 4430 siout
1221 4366 1283 4429 illio
1299 4365 1381 4443 Suae

47 4456 195 4539 llajestati
211 4454 303 4521 officii
317 4454 390 4530 mei,
412 4455 456 4518 sio
471 4454 520 4517 hic
536 4453 589 4517 otii
603 4472 659 4536 per
674 4456 717 4546 Te
732 4452 804 4518 mibi
825 4455 980 4537 procurati
994 4454 1143 4518 rationem
1165 4454 1381 4545 tibireddaml

0 4569 6 4615 t
44 4547 198 4631 Accedunt
218 4545 316 4612 illust
336 4543 456 4608 Domin.
478 4544 561 4607 Tuae
575 4542 707 4618 merita,
729 4563 796 4607 cnm
817 4544 849 4608 iu
871 4552 955 4609 artes
971 4563 1073 4608 omnes
1096 4551 1129 4607 et
1147 4544 1336 4626 potissimum
1350 4544 1382 4608 in

45 4634 256 4702 mtronomiam
277 4633 482 4709 Braheanarn,
504 4640 569 4696 tum
590 4651 662 4696 vero
685 4634 768 4696 etin
791 4652 895 4698 earum
910 4634 1041 4698 cultores
1055 4636 1161 4717 mque
1177 4634 1254 4698 adeo
1268 4634 1381 4718 ipsum:

1 4735 2 4803 j
42 4735 71 4790 rt
87 4743 218 4812 qnorum
240 4722 442 4805 patrocinium
456 4722 487 4786 in
502 4722 561 4789 heo
581 4723 725 4805 Augmta
745 4722 828 4786 Aula
843 4724 888 4789 sio
911 4723 1086 4809 suscepisti,
1108 4719 1143 4787 ut
1156 4723 1235 4816 hano
1249 4725 1382 4811 palmam

1 4829 2 4879 1
84 4831 174 4883 ΒΜ
187 4829 262 4879 ⁰v⁸¹¹
273 4827 308 4867 Ν·
1136 4828 1170 4880 12
1352 4856 1355 4862 1

1 4931 3 4950 ι

1 5103 3 5127 l
