3112 5474
471 257 606 325 cepam
631 202 873 329 semaam
1031 278 1037 293 ι
1277 236 1342 316 033

27 408 76 488 rto
96 400 192 463 verba
206 399 442 482 Evangelistae,
464 420 553 483 quam
574 400 612 463 de
632 421 724 466 censu
745 401 883 465 Romano
905 401 1042 466 sollenni.
1085 401 1156 466 Etsi
1178 402 1257 464 euim
1271 402 1342 465 illae

28 489 222 570 ascriptiones
237 489 398 552 institutae
413 497 448 552 ut
464 490 577 553 dictum
592 490 631 553 ab
647 511 726 554 0000
742 491 794 566 36,
810 510 918 555 census
933 509 1005 552 vero
1014 489 1220 553 Romanorum
1235 490 1343 558 civium

28 598 76 641 uro
94 578 147 642 38.
163 586 286 642 secutus
303 598 396 661 eoque
412 579 569 644 nativitati
584 578 698 643 Christi
719 579 841 662 propior
857 589 919 643 ost:
943 587 977 642 at
990 598 1086 661 noque
1107 579 1270 642 absurdum
1286 587 1343 654 est,

28 666 226 732 [adriennium
248 668 411 732 iusumtum
432 668 471 731 ab
490 668 633 750 Augusto
655 669 686 732 in
709 670 903 750 congestione
927 668 1133 731 commentarii
1149 668 1211 743 sui,
1234 668 1342 750 quippe

28 777 87 820 iem
109 778 168 821 sna
188 756 474 839 manuperscripsit
489 757 569 820 iuter
591 765 640 821 tot
662 759 875 840 occupationes
899 757 1081 839 principales
1088 776 1097 833 ;
1122 757 1301 838 pracsertim
1317 755 1343 820 si

28 847 91 910 iarn
108 846 193 910 socia
208 865 343 928 regnae
359 845 465 928 quibus
479 845 597 921 Judaea
612 847 678 923 luit,
692 848 809 911 inserta
823 855 903 910 sunt.

83 929 135 999 Da
151 954 184 997 re
200 935 276 1018 ipsa,
291 942 326 999 ut
340 935 433 1011 vides,
450 943 572 999 constat
587 955 626 998 ex
640 936 774 1000 historiis
788 934 948 1011 Romanis,
964 935 1028 999 sive
1044 954 1167 997 censum
1181 934 1341 996 Romano-

28 1044 59 1086 m
75 1025 189 1090 civium
203 1024 275 1088 enni
289 1025 349 1087 Jul.
365 1024 416 1089 38.
431 1025 640 1107 respiciamus,
662 1027 727 1089 sive
750 1026 968 1107 descriptiones
983 1023 1117 1105 Augusti
1136 1023 1174 1087 ab
1191 1042 1270 1084 0000
1290 1022 1343 1086 36.

28 1122 176 1195 rgentes,
197 1123 229 1176 et
249 1115 475 1177 consentientes
495 1113 590 1178 habet
605 1115 805 1198 Evangelista
825 1116 990 1197 scriptores
1009 1113 1182 1187 Romanos;
1208 1111 1246 1175 de
1262 1121 1341 1174 teru-

28 1223 67 1264 ›re
83 1202 225 1284 praeciso
241 1202 315 1266 nihil
336 1204 406 1266 dum
425 1203 482 1274 nisi
503 1203 583 1285 quod
603 1212 674 1286 post
692 1204 744 1268 36.
767 1206 816 1268 vel
838 1205 932 1268 etiam
951 1211 1023 1285 post
1038 1201 1090 1266 38.
1111 1201 1264 1265 Julianum
1287 1200 1342 1262 de-

28 1292 123 1373 riptio
153 1292 373 1373 Evangelistae
404 1294 584 1373 quaerenda
631 1292 846 1375 Conjecturam
876 1302 979 1357 tamen
1012 1291 1212 1372 suppeditant
1235 1289 1343 1357 turbae

28 1381 178 1456 srthicae,
198 1383 311 1444 factam
328 1381 560 1463 descriptionem
576 1402 655 1445 auno
671 1383 713 1466 40
719 1402 729 1459 ;
751 1403 821 1448 narn
841 1401 919 1450 0000
943 1380 997 1446 39.
1013 1381 1160 1463 Amnenia
1182 1399 1231 1442 res
1248 1398 1343 1443 novas

28 1479 144 1533 octana
160 1470 281 1534 Tiberio
303 1479 375 1534 tunc
396 1472 511 1534 consuli
532 1472 656 1535 decreta
671 1472 741 1548 firit,
761 1492 852 1558 quam
872 1491 938 1534 cum
954 1469 1092 1533 'liberius
1111 1470 1295 1551 negligeret,
1315 1466 1343 1530 ei

30 1560 138 1641 quenti
162 1559 212 1622 40.
235 1561 386 1635 Parthus,
417 1561 520 1626 audito
541 1561 694 1625 Tiberium
712 1561 853 1624 Rhodum
873 1558 1052 1635 secessisse,
1080 1578 1201 1621 manum
1221 1556 1342 1638 arq’ecit,

28 1669 87 1711 ram
106 1649 146 1711 oh
162 1667 226 1710 rem
240 1668 335 1735 grave
350 1658 383 1712 et
398 1657 487 1714 atrox
501 1649 614 1714 bellum
629 1650 688 1713 toti
703 1648 812 1733 Syrias
828 1648 1021 1718 metuendum
1037 1647 1093 1710 fuit
1108 1647 1253 1710 aPartho
1269 1665 1342 1727 pro·

28 1738 220 1819 dandumque
235 1740 391 1820 Augusto,
410 1748 445 1803 nt
461 1747 493 1802 ct
508 1739 582 1802 socii
597 1739 629 1804 in
644 1740 703 1803 fido
718 1746 877 1802 manerent
893 1746 925 1800 et
940 1737 1056 1819 Partho
1068 1736 1153 1818 justo
1170 1755 1236 1798 cum
1252 1753 1342 1798 exer-

29 1836 62 1889 tu
78 1827 198 1890 occurri
213 1835 337 1913 posset:¹
350 1848 440 1909 quam
454 1829 495 1892 ad
510 1847 613 1892 curam
622 1824 756 1911 apprime
772 1827 947 1891 necessaria
956 1827 1013 1890 suit
1024 1823 1186 1907 descriptio
1196 1824 1344 1899 Judaeae,

28 1916 112 1998 rippe
135 1916 220 1998 cnjus
240 1917 341 1998 gentis
356 1936 467 1999 magna
482 1937 554 1999 pars
571 1918 697 1999 degeret
716 1918 748 1995 iu
764 1917 921 1983 Chaldaea
937 1916 993 1981 sub
1008 1914 1118 1979 Parthi
1140 1913 1282 1995 imperi03
1304 1932 1343 1975 ne

28 2006 91 2069 itur
105 2006 227 2088 Judaea
242 2005 282 2069 ad
295 2007 429 2069 Parthos
445 2007 639 2083 descisceret,
654 2014 689 2070 nt
703 2009 818 2071 factum
834 2013 906 2070 aute
922 2005 964 2070 35
982 2025 1078 2069 annos
1093 2003 1214 2067 Juhano
1229 2003 1258 2066 5.
1275 2017 1343 2064 cum

29 2104 120 2158 ctura
135 2096 231 2158 totius
242 2094 360 2178 Syriae.
384 2096 428 2158 Et
441 2097 518 2160 haec
534 2096 717 2177 conjectura,
734 2097 793 2160 etsi
808 2115 863 2178 per
873 2115 905 2158 se
922 2096 990 2158 sola
1004 2114 1065 2157 non
1080 2092 1240 2156 admodum
1255 2092 1342 2155 firma

28 2193 56 2260 it,
71 2170 302 2266 confiimabitur
316 2192 419 2247 tsmm
430 2185 497 2267 jam
510 2185 542 2248 in
557 2187 752 2270 sequentibus
769 2206 808 2249 ex
817 2185 946 2251 Judaica
960 2182 1089 2273 historia
1104 2191 1137 2246 et
1146 2181 1343 2245 Tertulliano.

87 2275 170 2337 Nam
185 2274 360 2337 observavit
373 2274 524 2338 Batonius
541 2274 713 2340 Cardinalis
728 2275 759 2338 iu
774 2274 922 2338 historiae
946 2272 1173 2336 ecclesiasticae
1193 2276 1344 2352 apparatu

30 2369 99 2428 curn
121 2383 161 2425 ex
174 2356 363 2426 Tertulliano
385 2372 492 2427 contra
504 2365 697 2442 Marcionem·
710 2365 760 2428 lib.
776 2365 831 2429 IV.
847 2384 872 2428 c.
889 2363 918 2428 9.
934 2372 967 2427 et
982 2364 1033 2427 54.
1054 2362 1094 2425 03
1110 2359 1344 2441 descriptionem

28 2473 78 2515 suc
94 2453 303 2533 inquirendam
318 2452 451 2534 apprime
466 2454 615 2533 idoneum.
658 2454 765 2518 Verba
779 2451 958 2519 Tertulliani
976 2453 1042 2516 loco
1063 2450 1238 2532 posteriori:
1262 2448 1345 2513 Tum

28 2541 151 2604 istincts
164 2542 234 2623 suit
252 2562 274 2604 0
290 2543 467 2624 primordio
482 2542 611 2606 Iudaeo
623 2564 699 2626 pects
712 2540 771 2626 pes*
790 2543 889 2606 tribas
908 2549 938 2606 et
954 2536 1089 2623 populos
1107 2547 1137 2602 st
1155 2536 1345 2620 familias-et
1439 2539 1441 2543 ’

28 2645 127 2703 ortos,
149 2638 185 2694 ot
197 2652 286 2695 nemo
293 2631 398 2715 secale
411 2631 452 2694 de
463 2652 574 2715 pestere
588 2632 733 2714 ignorari
743 2632 910 2714 potuisset,
931 2628 979 2694 vel
992 2629 1032 2693 de
1046 2630 1217 2693 recauibns
1230 2629 1344 2710 Aepu-

28 2720 116 2784 iom‘s
129 2721 278 2795 celeribus,
293 2721 397 2786 adhue
407 2729 480 2796 aroc
496 2712 657 2802 (subaudio
668 2710 804 2803 tempore
821 2740 865 2796 co,
881 2740 938 2803 quo
950 2719 1092 2784 Christus
1108 2717 1260 2781 miraculis
1276 2718 1342 2779 cla-

29 2805 77 2892 rit)
87 2810 244 2893 fortassis
253 2810 481 2892 pandentibus„
490 2809 521 2873 id
536 2818 584 2874 est
599 2810 674 2877 locis
689 2810 817 2894 publicis
833 2809 989 2891 expositis.
1024 2808 1121 2871 Putat
1136 2826 1196 2871 non
1212 2806 1343 2869 alienum

37 2918 124 2973 vero,
147 2899 306 2966 censuales
321 2900 454 2981 tabulas,
470 2900 597 2982 triginta
606 2899 673 2981 jam
689 2919 835 2964 annornm
850 2905 986 2986 aetatem
1000 2897 1159 2972 hahentes,
1173 2895 1272 2958 adhuc
1288 2893 1344 2959 suh

29 2988 123 3052 iherio
138 2987 170 3052 in
184 2989 317 3052 archivis
333 2989 489 3054 exstitisse
504 2989 677 3071 praesidum
693 2998 726 3054 ot
741 2989 942 3069 sacerdotum.
976 2986 1059 3050 Loco
1075 3005 1147 3049 vero
1162 2984 1255 3066 priori
1272 2991 1344 3048 sunt

29 3085 63 3140 ts
77 3078 258 3142 Tertulhani
273 3079 381 3147 verba:
395 3122 398 3129 -
411 3079 468 3144 sed
487 3085 516 3143 et
534 3099 642 3143 cencres
660 3086 780 3144 eonswt
799 3087 885 3162 actos
902 3077 958 3140 snb
973 3077 1115 3159 Aspare
1134 3095 1217 3139 osae
1237 3067 1326 3154 (tunc

29 3165 210 3232 sJudueusa
220 3188 281 3250 per
295 3165 439 3234 Sanan
447 3166 664 3243 Solemniacum,
679 3169 767 3252 aprad
775 3188 851 3252 qnos
861 3162 1001 3253 (seusus)
1010 3162 1182 3250 ι0000εῇ0ιο
1192 3157 1325 3244 (Christi

29 3257 159 3338 tqreo'rsre
169 3259 351 3338 potuissent.

91 3345 268 3410 Clarissime
284 3347 341 3421 ait,
363 3365 472 3410 census
491 3345 522 3408 iu
536 3346 657 3411 Judaes
676 3355 764 3411 actos
780 3366 839 3429 per
854 3344 993 3409 Sentium
1008 3343 1218 3416 Saturninum,
1237 3339 1342 3421 utique

29 3432 112 3514 tyriae
127 3436 313 3516 praesidem,
333 3436 441 3517 quibus
457 3435 597 3516 censibus
613 3438 639 3499 si
654 3455 750 3518 genus
767 3435 883 3501 Christi
897 3435 1097 3517 prodebatur,
1113 3431 1255 3498 Christus
1272 3447 1344 3510 ergo

29 3542 72 3586 um
84 3524 264 3604 parentibus
279 3526 317 3588 ab
333 3526 391 3587 hoc
407 3523 574 3588 Saturnino
590 3524 620 3599 iu
637 3526 849 3607 descriptionis
866 3525 987 3587 tabulas
1003 3524 1093 3586 relati
1109 3529 1188 3598 suut.
1227 3517 1345 3591 Quodsi

29 3630 147 3690 quaerere
162 3614 238 3676 libet
253 3612 284 3691 in
297 3614 319 3677 J
320 3613 434 3695 osepho
449 3611 593 3677 historico
608 3614 746 3689 ludaico,
761 3615 879 3695 quando
888 3612 1020 3677 -Seutius
1036 3611 1219 3676 Saturninus
1235 3608 1344 3689 Syriae

29 3703 173 3765 ›raesidem
197 3702 295 3783 egerit
316 3696 438 3782 (tacent
462 3704 541 3766 euim
565 3703 622 3765 hoc
642 3702 789 3786 Romani)
814 3702 1014 3776 inveniemus,
1034 3709 1069 3764 ut
1089 3701 1119 3763 in
1140 3697 1344 3779 superioribus

30 3787 126 3868 lictum,
141 3811 221 3855 anno
236 3791 358 3854 Juliano
373 3792 430 3866 38,
451 3792 570 3874 quando
585 3792 672 3854 Titus
690 3799 757 3868 erat
771 3787 879 3872 Syriae
895 3810 1033 3873 praeses,
1048 3789 1087 3852 ad
1103 3807 1190 3869 quem
1204 3785 1344 3849 Herodes

30 3881 156 3952 trolectus
169 3880 379 3956 Antiochiam,
402 3881 446 3944 illi
466 3880 672 3944 reconciliavit
685 3879 871 3945 Archelaum
887 3899 1037 3953 socerum,
1059 3879 1182 3940 missum
1199 3875 1291 3937 misse
1313 3874 1344 3937 in

30 3963 124 4046 tyriam
140 3962 280 4032 Sentium
295 3969 500 4046 Saturninum,
517 3969 597 4051 apud
612 3989 701 4051 quem
714 3969 854 4035 Herodes
868 3968 1024 4050 Syllaeum
1032 3966 1167 4049 Arahem
1177 3962 1345 4036 accusavit,

30 4062 47 4114 rt
63 4067 169 4137 postea
192 4064 313 4121 aestate
343 4059 407 4142 ejus
430 4059 500 4129 anni
521 4060 676 4139 proiectus
699 4065 748 4121 est
769 4058 912 4121 Romam:
943 4067 1077 4137 tempore
1109 4074 1166 4137 quo
1194 4053 1343 4116 ludicrum

30 4139 196 4228 Olympicum
211 4147 408 4223 celebratum,
424 4149 471 4227 cui
486 4149 624 4212 Herodes
639 4141 785 4211 interfuit
828 4147 909 4209 Ecce
926 4144 1123 4228 Saturninum
1139 4142 1245 4206 eodem
1261 4158 1342 4203 0000

30 4231 127 4298 nissum
147 4237 180 4300 iu
202 4234 337 4318 Syriam,
358 4256 416 4318 quo
437 4237 553 4302 Romae
569 4256 691 4302 censum
705 4237 865 4317 Augustus
889 4234 960 4316 egit
1005 4234 1039 4297 Si
1055 4251 1183 4316 quaeras
1204 4230 1344 4311 amplius,

30 4336 95 4397 llam
110 4326 158 4408 diu
173 4325 322 4388 manserit
329 4324 512 4390 Saturninus
526 4325 556 4389 in
566 4325 666 4409 Syria,
681 4326 867 4389 invenisses
882 4324 988 4387 eodem
1002 4323 1137 4405 Josepho
1154 4339 1250 4384 annos
1266 4316 1342 4380 soli-

30 4405 66 4474 dus
78 4413 106 4476 4.
148 4415 229 4478 Nam
249 4433 328 4478 anno
349 4416 400 4478 40.
420 4416 557 4478 interfuit
576 4415 759 4479 Saturninus
781 4413 966 4477 damnationi
986 4413 1112 4475 filiorum
1131 4407 1263 4482 Herodis
1278 4408 1343 4470 Be-

30 4499 82 4576 ryn',
96 4523 172 4566 0000
182 4504 234 4566 41.
250 4511 379 4567 exeunte
395 4505 550 4585 provincia
559 4499 706 4581 decessit,
722 4504 904 4568 succedente
915 4500 1164 4573 QuintilioVaro.
1191 4495 1344 4563 Calvisius

31 4581 65 4648 iol
76 4592 122 4655 30.
140 4592 300 4673 Epistulae
320 4613 393 4656 suae
413 4602 515 4659 monet
535 4594 693 4668 lectorem,
713 4612 760 4655 me
781 4593 839 4655 hoc
859 4610 919 4654 000
940 4590 1083 4672 probare,
1103 4589 1157 4650 sed
1173 4586 1285 4649 saltem
1301 4604 1341 4648 ox

31 4667 166 4756 hpohesi
180 4700 250 4744 mea
264 4682 430 4758 affirmare,
450 4691 484 4746 et
500 4702 605 4748 verum
624 4688 740 4746 monet:
763 4701 822 4758 000
840 4680 918 4743 enim
932 4680 982 4742 hio
998 4678 1078 4742 aliud
1094 4695 1168 4758 ago,
1196 4694 1285 4758 quam
1306 4680 1343 4737 ut

32 4766 198 4834 nativitatem
211 4768 329 4869 Christi
344 4769 426 4836 intra
440 4772 600 4855 augustius
615 4769 760 4852 temporis
776 4769 908 4851 spatium
923 4768 1113 4843 concludam,
1138 4785 1227 4848 qnam
1249 4771 1350 4834 antea,
1413 4793 1416 4802 ,
