3112 5474
235 311 238 318 ,
278 244 342 314 316
514 312 517 322 ,
777 264 1114 328 nssmuomcmae.

278 409 358 473 civili
381 408 479 473 literis
502 416 711 474 contractuum
726 408 853 491 aliisque
876 408 1013 473 civihbus
1028 403 1159 490 negotiis
1169 407 1235 489 jam
1257 409 1439 492 subsignare
1459 428 1485 473 α

252 521 258 535 ·
277 517 388 562 annum
403 498 457 562 34.
471 499 521 561 vel
536 495 588 565 37.
597 498 738 562 Herodis.
762 499 832 562 Jam
847 498 940 581 igitur
955 505 988 564 et
1001 497 1071 561 hnic
1086 517 1165 563 anno
1175 516 1284 562 nomeu
1294 507 1365 563 erat
1380 499 1485 563 datum

275 588 421 663 Herodis,
443 587 523 671 quod
537 607 648 651 nomen
660 588 705 650 illi
720 608 799 652 anno
815 587 1104 669 tantispermausit,
1119 588 1215 651 donec
1230 607 1392 652 successor
1405 589 1485 652 Herc

276 685 327 741 tus
343 685 435 740 esset
478 677 611 741 Accedit
633 677 727 752 euim,
754 677 834 759 quod
863 684 1084 759 postmortem
1105 676 1236 741 Herodis
1258 677 1483 761 aliquantisper

276 785 410 848 reguum,
425 767 521 829 donec
535 765 693 846 Augustus
708 765 895 847 provinciam
909 765 990 829 iuter
1005 773 1069 830 tres
1084 765 1216 829 Herodis
1230 766 1309 830 lilios
1324 767 1485 830 distribuet

276 855 381 929 chelao
404 855 573 918 ethuarcba
591 855 728 919 Judaeae
752 855 833 918 dato.
877 856 1034 920 Hactenus
1056 855 1149 936 igitur
1170 876 1267 919 annus
1292 856 1395 920 dictus
1421 863 1474 918 est

276 944 356 1025 regis
372 944 414 1007 34
430 944 479 1006 vel
493 940 546 1019 37,
561 952 670 1025 postea
684 944 798 1026 primus
812 944 959 1008 Archelai
974 944 1168 1008 ethuarchae.
1280 995 1282 998 ,

365 1031 516 1096 Caluisius
539 1033 589 1095 sol.
608 1034 657 1096 11.
681 1053 719 1096 ex
743 1033 811 1111 aliis
832 1033 907 1097 locis
929 1033 1057 1115 Josephi
1078 1033 1185 1097 nititur
1206 1033 1361 1108 evincere,
1384 1032 1485 1116 Josep

275 1141 433 1186 numerare
456 1122 630 1204 completos
674 1122 741 1203 Ego
763 1140 852 1199 vero,
873 1120 932 1185 nisi
947 1119 1099 1187 Calvisius
1120 1141 1154 1185 se
1169 1123 1268 1205 ipsum
1283 1121 1444 1203 deciperet
1468 1142 1485 1186 e

274 1211 335 1275 illis
350 1211 426 1293 ipsis
442 1212 533 1286 locis,
556 1230 631 1293 quos
645 1211 698 1275 ille
714 1210 771 1275 sibi
786 1219 877 1292 putat
892 1210 1022 1287 servire,
1045 1219 1226 1293 argumenta
1239 1211 1381 1275 ducerem
1402 1231 1462 1293 pro
1479 1235 1485 1275 r

274 1300 355 1364 tanti
377 1320 437 1363 non
452 1302 582 1364 iacerem
604 1320 660 1364 nec
683 1301 792 1363 seriem
813 1299 977 1377 historiae,
998 1320 1054 1364 nec
1069 1319 1182 1364 morem
1195 1300 1390 1376 Judaeorum,
1412 1321 1473 1364 uec

273 1390 409 1472 Josephi,
424 1408 480 1452 nec
496 1389 653 1471 neglectos
667 1407 789 1453 meuses
798 1390 975 1471 superfluos,
989 1408 1047 1453 nec
1061 1391 1147 1472 regni
1156 1390 1357 1466 vacationem,
1372 1390 1485 1473 quibus

273 1478 384 1542 mentis
405 1480 538 1560 pugnavi
553 1479 718 1554 hactenns,
740 1478 911 1562 quominus
934 1487 966 1542 et
980 1480 1046 1561 ipse
1061 1487 1190 1542 mortem
1204 1479 1338 1541 Herodis
1352 1479 1384 1542 in
1399 1480 1456 1543 43.
1471 1480 1485 1543 J

259 1568 462 1640 collocarem.
508 1566 724 1649 comparemus
746 1567 844 1648 igitur
861 1576 894 1631 et
915 1568 977 1631 alia
999 1568 1067 1631 loca
1080 1567 1223 1650 Josephi,
1243 1575 1279 1631 ut
1294 1586 1419 1632 sensum
1435 1568 1485 1649 eju

272 1658 374 1740 platos
389 1664 526 1721 numeret
541 1677 581 1720 au
596 1665 761 1732 currentes,
777 1676 815 1720 ex
829 1657 896 1740 ipso
913 1657 1078 1721 eliciamus.

359 1746 499 1809 Mortuus
515 1753 565 1809 est
578 1747 739 1828 Augustus
754 1746 877 1810 Juliano
893 1745 945 1810 59.
961 1745 1144 1828 Septembri,
1158 1746 1208 1829 qui
1222 1746 1254 1809 in
1267 1744 1389 1809 Judaea
1403 1766 1485 1810 mens

273 1837 426 1918 hucusque
442 1836 608 1899 dicebatur.
651 1836 785 1917 Augusti
802 1835 946 1902 Caesaris
961 1836 1085 1899 ultimus
1107 1836 1146 1900 ab
1162 1835 1263 1899 eodie
1278 1854 1373 1917 usque
1389 1837 1431 1898 ad
1447 1856 1485 1899 se

271 1925 370 1989 Nisan
386 1925 485 1987 dictus
500 1932 550 1987 est
563 1925 594 1987 iu
609 1924 729 1988 Judaea
744 1926 864 2006 quidem
871 1924 985 1988 Tiberii
999 1925 1127 2006 primus;
1150 1926 1254 2007 itaque
1269 1923 1412 1988 Julianus
1422 1921 1477 1988 73

272 2014 328 2077 fuit
342 2013 455 2077 Tiberii
469 2013 638 2076 vicesimus
653 2056 656 2069 ·
682 2016 749 2078 Hoc
764 2034 837 2078 vero
852 2014 994 2079 vicesimo
1010 2014 1123 2077 Tiberii
1137 2011 1289 2095 Josephus
1312 2014 1358 2077 ait
1379 2022 1485 2077 mortu

271 2103 458 2185 Philippum,
479 2102 595 2166 Herodi
618 2102 701 2184 patri
723 2122 931 2167 successorem
953 2103 992 2167 ab
1013 2103 1155 2184 Augusto
1177 2111 1371 2184 surrogetum
1398 2104 1433 2166 iu
1455 2111 1485 2166 te

271 2190 509 2256 Trachonitidis:
533 2199 565 2254 et
580 2199 720 2255 numerat
735 2211 847 2256 aunum
861 2189 914 2256 37.
930 2199 1103 2277 currentem¹
1115 2191 1181 2272 ejus
1196 2191 1327 2274 imperii;
1350 2192 1434 2255 adde
1449 2192 1485 2257 3ι

272 2282 312 2344 ad
327 2288 497 2343 currentem
512 2282 571 2356 42,
592 2281 695 2363 prodit
710 2276 763 2345 78.
779 2282 919 2346 Julianus
935 2300 1068 2357 currens,
1089 2283 1134 2344 uti
1151 2281 1415 2344 constitueramus
1461 2282 1485 2344 Ε

271 2371 298 2433 si
312 2370 360 2434 vis
376 2368 500 2445 Calvisi,
515 2365 558 2434 37
575 2373 741 2452 completos
757 2371 797 2434 ad
813 2377 897 2434 tuum
910 2370 1064 2434 Julianum
1079 2371 1132 2446 43,
1147 2370 1255 2452 quippe
1271 2389 1310 2432 ex
1325 2371 1485 2452 completis

251 2538 254 2546 ,
271 2458 354 2523 rodis
370 2459 570 2539 designatum,
585 2452 729 2523 nascetur
743 2460 799 2524 tibi
813 2458 953 2523 Julianus
968 2459 1022 2534 80,
1036 2459 1149 2523 Tiberii
1172 2459 1335 2522 vicesimus
1350 2461 1486 2524 secuudu

272 2566 418 2612 summum
440 2550 491 2611 21.
513 2555 621 2613 contra
642 2549 737 2612 verbe
758 2549 886 2632 Josephi
909 2547 1039 2611 Graeca
1082 2548 1164 2611 Nam
1180 2555 1220 2629 tu
1233 2549 1284 2612 fob
1302 2547 1352 2612 ll.
1367 2548 1485 2632 Epistol

272 2638 488 2702 correctionem
503 2645 607 2701 textus
624 2659 643 2702 a
659 2637 817 2720 Scaligero
832 2638 963 2720 petitam
977 2656 1016 2700 ex
1030 2638 1170 2701 versione
1184 2636 1286 2702 Rufini
1302 2638 1480 2702 dissimulas

271 2735 305 2791 at
321 2747 381 2791 nou
397 2728 543 2791 occultas.
588 2727 624 2791 Si
640 2728 719 2791 enim
741 2727 781 2791 ad
795 2724 967 2790 currentem
980 2725 1136 2790 Juliauum
1156 2727 1208 2791 43.
1226 2727 1323 2791 addas
1346 2728 1485 2791 solidos:

269 2816 340 2880 nino
356 2812 641 2892 consuetunis,
658 2817 715 2897 sed
727 2818 779 2882 80.
788 2816 928 2879 Julianus
944 2815 1054 2880 exibit
1075 2815 1132 2881 Sin
1146 2822 1249 2879 antem
1261 2811 1307 2881 37
1324 2817 1420 2880 semel
1437 2837 1485 2880 aec

274 2905 464 2969 currentibus
480 2905 634 2981 civilibus,
656 2921 709 2969 cur
723 2905 796 2970 mihi
810 2905 968 2980 inesceris,
991 2907 1041 2986 qui
1055 2905 1075 2969 J
1077 2907 1222 2988 osephum
1235 2904 1295 2970 hac
1309 2926 1372 2969 una
1385 2925 1420 2970 re
1437 2925 1485 2970 sec

271 3003 385 3058 etcum
398 2994 545 3059 &mauis
561 2995 703 3070 concilio,
725 2995 805 3079 quod
820 3012 940 3076 semper
955 2994 993 3057 de
1009 2995 1198 3058 currentibus
1214 2995 1386 3076 loquantur.
1433 2997 1485 3059 Hu

270 3092 372 3147 mento
389 3084 469 3146 solet
484 3084 573 3165 objici
589 3085 684 3149 series
698 3084 846 3149 historiae
860 3083 997 3166 Josephi,
1011 3084 1043 3147 iu
1058 3103 1118 3168 qna
1131 3083 1264 3165 Philippi
1278 3102 1362 3147 mors
1378 3086 1485 3168 sequit

270 3181 416 3237 annorum
431 3173 630 3255 sequentium,
644 3179 717 3256 post
726 3175 777 3238 20.
787 3172 916 3237 Tiberii:
930 3172 1010 3236 unde
1027 3173 1176 3254 conjicere
1191 3173 1314 3251 volunt,x
1323 3174 1486 3255 corrigend

270 3262 529 3345 textumJosephi.
552 3264 599 3327 At
615 3263 641 3327 si
657 3262 730 3328 ordo
746 3259 852 3326 textus
867 3263 1034 3326 servandus
1050 3270 1100 3325 est
1115 3262 1209 3324 etiarn
1221 3262 1253 3326 in
1268 3270 1422 3344 tempore:
1447 3263 1485 3326 mi

192 3346 195 3352 ’
269 3358 319 3414 tur
340 3352 531 3432 perturbatio
552 3352 718 3430 historiae;
742 3353 822 3435 quod
836 3359 940 3434 patet,
962 3351 989 3414 si
1005 3351 1109 3433 capita
1128 3352 1196 3433 ipsa
1217 3370 1318 3415 rerum
1332 3352 1383 3416 bie
1405 3372 1485 3434 cong

270 3439 427 3520 sigillatim
449 3442 688 3506 consideremus:
719 3462 779 3525 qna
800 3443 920 3505 ratione
942 3441 1029 3505 simul
1050 3441 1212 3522 apparebit
1234 3440 1393 3504 consilium
1415 3443 1485 3524 sori]

272 3529 448 3593 ordinandis
462 3531 511 3593 his
526 3532 626 3595 rebus.
655 3531 776 3597 Dividit
782 3529 936 3612 Josephus
950 3530 1030 3595 hane
1044 3529 1192 3613 historiae
1207 3538 1328 3612 partem
1342 3531 1425 3594 iuter
1440 3551 1485 3594 urs

269 3617 433 3695 Romanos,
447 3619 493 3682 uti
507 3620 551 3683 illi
568 3620 625 3683 sibi
640 3620 769 3685 invicem
784 3620 889 3683 ordine
905 3619 1130 3682 successerunt:
1151 3619 1260 3700 quippe
1274 3618 1405 3696 Jndeee,
1420 3621 1485 3702 cuju

269 3707 345 3770 riam
359 3708 528 3790 profitetur,
551 3709 591 3772 ad
605 3709 674 3773 illos
689 3710 873 3792 pertinebat
902 3707 983 3772 -Sub
997 3709 1140 3788 Augusto
1154 3706 1282 3771 Judaeis
1297 3710 1485 3773 habueruut

164 3794 170 3804 '
269 3814 344 3879 quos
359 3798 442 3862 iutra
463 3798 547 3861 iacta
569 3806 642 3860 snut
664 3800 738 3862 ista:
760 3796 919 3871 ‘Quirinius
940 3797 1051 3861 missus
1072 3815 1196 3860 censum
1218 3797 1378 3880 imposuit,
1400 3807 1485 3862 contr

268 3885 365 3949 Judas
388 3886 508 3968 quidam
531 3887 712 3952 seditionem
734 3887 896 3951 commovit
918 3895 950 3950 et
974 3904 1138 3969 oppressus
1168 3894 1226 3949 est
1272 3885 1349 3950 Oum
1374 3885 1486 3959 QuirIn

269 3975 423 4057 Coponius
438 3984 618 4056 procurator
637 3978 793 4053 Judaeae;
817 3977 872 4039 sub
897 3995 932 4040 eo
949 3975 1122 4040 Samaritae
1145 3974 1291 4056 templum
1313 3979 1485 4057 profauaru

268 4065 358 4147 pou-io
375 4066 524 4129 successit
532 4067 656 4129 Marcus
665 4065 842 4130 Ambivius:
859 4066 915 4129 sub
931 4083 967 4128 eo
983 4072 1104 4128 mortua
1120 4063 1254 4140 Salome,
1269 4083 1358 4128 soror
1372 4067 1485 4130 Herodl

270 4155 419 4216 successit
431 4155 551 4218 Annius
567 4155 681 4230 Rufus,
704 4155 759 4218 snb
776 4175 833 4237 quo
849 4162 985 4219 mortuus
1000 4162 1050 4217 est
1064 4154 1232 4235 Augustus.
1276 4154 1356 4217 Hinc
1372 4157 1485 4220 transit

268 4243 384 4324 perium
399 4244 525 4318 Tiberii,
548 4244 604 4308 sub
620 4263 679 4326 quo
701 4245 772 4327 quia
786 4242 972 4307 Judaeorurn
987 4262 1064 4325 gens
1085 4244 1117 4306 in
1132 4243 1245 4306 multas
1257 4244 1412 4328 ¹regiones
1433 4263 1485 4309 era

174 4342 176 4345 ’
269 4333 299 4395 in
315 4351 440 4415 quarum
455 4332 582 4414 siugulis
598 4333 701 4416 eliqua
715 4333 923 4397 memorabilia
938 4333 1141 4414 contigerant,
1155 4330 1176 4393 J
1177 4332 1310 4414 osephos
1325 4334 1422 4396 etiam
1436 4353 1485 4398 mu

268 4421 397 4485 rationis
420 4422 495 4485 facit
515 4423 621 4500 initia,
643 4423 770 4486 subinde
791 4441 934 4485 reversus
956 4423 996 4486 ad
1017 4422 1098 4486 idem
1118 4420 1232 4485 'liberii
1256 4421 1453 4505 principium,
1475 4445 1485 4486 a

268 4512 360 4575 iebus
375 4512 462 4574 unius
477 4512 611 4592 regionis
630 4512 868 4579 cohaerentibus
890 4512 971 4575 inter
992 4532 1034 4575 se.
1079 4513 1187 4593 Itaque
1203 4511 1369 4574 distributa
1393 4520 1485 4595 estpr

268 4600 299 4662 iu
325 4601 428 4682 capita
451 4619 568 4664 novem.
612 4602 746 4665 Primum
775 4609 825 4664 est
856 4601 893 4664 de
922 4601 1156 4684 magistratibus
1180 4600 1328 4664 Judaeae.
1372 4601 1485 4666 Tiberis

167 4741 171 4746 ,
269 4687 399 4753 Gratum
415 4696 535 4772 etpost
550 4709 647 4754 annos
664 4692 701 4754 ll
713 4691 848 4755 Pilatum
858 4691 959 4767 misit;
981 4691 1322 4754 nbi'commemorsntur
1332 4690 1440 4754 summi
1454 4711 1485 4774 pr

271 4796 346 4860 quos
361 4776 487 4862 quisque
507 4776 694 4844 ordinaverit
714 4799 809 4866 usque
825 4780 866 4844 sd
879 4788 1008 4844 mortem
1022 4779 1144 4844 Tiberii.
1189 4778 1331 4843 Secundo
1346 4784 1485 4858 narrato
