3142 5482
589 236 669 287 Notae
688 237 801 287 Editoris.
1288 237 1350 297 513

93 418 102 447 -’
124 406 261 477 11091.
299 410 443 474 Scaliger
460 412 523 463 libro
540 413 560 464 1.
580 409 694 476 (Emand
713 413 824 478 impl:
850 407 926 463 Binos
951 412 1004 464 dias
1029 412 1178 479 contudimus
1203 414 1229 462 in
1253 414 1350 463 exitum

37 484 102 539 anai,
130 485 174 547 qui
197 483 223 531 in
241 483 291 532 fine
309 483 479 533 1000010011
497 485 644 541 10000010,
664 500 726 534 rcurn
743 494 830 535 nmen
849 485 995 539 dixerimus,
1020 484 1254 538 0000000010οω
1273 497 1352 547 supra

39 566 129 606 unum
148 554 261 602 Atticum
286 554 362 605 101000
387 553 484 606 dierum
507 563 604 619 septem
622 555 751 619 duntaxat
787 556 856 606 Unus
874 553 952 619 igilur
969 554 1022 604 dies
1041 554 1161 616 abundat,
1179 570 1231 607 non
1247 554 1349 619 quidem

39 624 123 674 lanae
149 637 231 687 supra
254 637 359 680 000010,
387 626 433 674 sed
456 627 515 676 anni
537 640 613 690 snpra
637 627 742 676 Lunam
784 626 850 677 iluic
873 627 912 675 rel
935 624 1074 681 remedium
1097 626 1266 689 excogitatum
1293 639 1349 674 esse

38 695 216 759 respondemus
234 710 280 758 την
298 690 431 759 s’iospsors,
449 711 514 760 quae
532 698 632 761 quidem
649 713 699 747 non
716 697 793 747 tiebat
810 699 836 747 in
855 697 905 746 illis
923 695 992 747 bidui
1009 695 1197 758 appendicibus,
1216 709 1276 760 quos
1295 696 1351 746 diet

39 767 178 816 cunitialcs
202 774 303 815 recatus
328 781 384 815 esse
408 768 523 824 diximus,
547 768 592 817 sed
617 770 644 818 in
669 769 719 818 alio
743 783 840 824 meuses
866 774 999 831 propterea
1017 766 1078 822 dicu.
1102 780 1172 830 quaa¹
1186 766 1350 823 eximebatur,

38 844 124 885 rosata
136 831 303 898 ‘s'kaspsossscg
320 831 409 901 ἤγειρα.
446 839 555 888 Cicero
573 841 599 891 10
617 840 733 889 Verrem:
755 840 816 894 ,Est
834 837 986 888 consuetudo
1004 837 1144 887 Siculorum
1159 844 1349 901 oeterorumque

38 909 201 964 Graecorum,
224 907 290 972 quod
314 922 370 956 suos
395 908 449 963 diss
467 921 613 974 mensesque
632 925 770 990 congruerq
787 910 873 961 rolunt
890 923 947 958 cum
965 908 1033 958 Solia·
1048 908 1185 972 Lunaeque
1204 906 1350 976 rationibus,

37 986 62 1027 st
87 991 277 1043 nonnunquam,
302 981 324 1028 si
348 980 409 1042 quid
432 979 564 1044 discrepet,
588 983 700 1031 eximam
721 996 798 1031 nuum
823 981 933 1045 aliquem
956 976 1023 1029 diem
1041 988 1086 1028 aut
1103 976 1228 1028 summurn
1246 978 1349 1029 biduum

37 1063 64 1098 er
89 1064 189 1104 mensa,
214 1063 274 1113 quos
297 1050 336 1098 iiii
361 1053 526 1100 exaeresimos
541 1051 604 1112 ,dies
627 1055 767 1106 nominant:
792 1054 852 1100 item
878 1063 1054 1114 nonnunquam
1078 1064 1128 1099 uno
1154 1049 1201 1098 die
1214 1049 1352 1113 longiorem

37 1134 149 1180 mensem
173 1121 271 1177 1001000
293 1126 338 1170 ant
362 1119 461 1170 biduo*
499 1121 570 1172 Haec
587 1122 687 1172 Marcus
706 1124 812 1179 Tullius,
830 1136 903 1187 quae
914 1129 968 1170 tum
986 1120 1087 1170 demum
1105 1121 1188 1170 locum
1207 1119 1350 1177 habentui

37 1184 163 1255 s'luspeosc
182 1191 210 1240 lit
228 1192 254 1239 in
272 1206 357 1240 meuse
377 1191 474 1248 ecdem.
493 1195 535 1257 qui
554 1192 631 1242 babet
648 1193 751 1244 biduum
766 1194 832 1243 illud
849 1192 1013 1255 adlectitium.

125 1279 154 1341 iil
173 1296 198 1343 p.
217 1279 259 1329 98.
297 1280 450 1345 Scaliger:
470 1281 499 1331 ln
516 1291 622 1346 quatuor
639 1285 711 1333 annis
729 1281 904 1331 tetranteridos
923 1279 1018 1329 debant
1035 1292 1087 1328 una
1097 1284 1142 1327 aut
1150 1290 1275 1347 summum
1284 1278 1351 1328 duae

38 1345 185 1414 iimpaonc.
203 1353 229 1400 in
248 1365 313 1407 anno
332 1359 417 1400 autem
436 1353 528 1402 lunari
547 1367 645 1417 semper
662 1369 713 1404 sex.
750 1354 815 1409 Nam
833 1366 889 1401 enrn
907 1364 1007 1399 menses
1026 1350 1138 1399 Lunares
1157 1349 1262 1399 alternis
1280 1350 1348 1413 pleni

37 1431 123 1471 ament
141 1431 169 1470 et
187 1424 250 1478 cari,
277 1437 361 1471 ornnes
379 1429 466 1472 nmen
484 1423 607 1487 sponsabo
625 1424 759 1480 habebant,
783 1430 809 1472 st
825 1429 959 1487 propterca
975 1421 1080 1483 aitands
1098 1434 1163 1468 unns
1182 1421 1235 1469 dies
1255 1422 1350 1470 exime·

38 1493 120 1551 batur,
147 1499 177 1541 ut
200 1493 311 1541 secunda
335 1496 427 1542 mensis
453 1495 554 1546 secundi
579 1504 628 1544 non
653 1495 759 1559 demspn
784 1495 828 1542 sed
846 1506 916 1555 τρια]
933 1498 1071 1548 rotantur,
1096 1499 1123 1540 et
1140 1492 1177 1539 ita
1195 1492 1221 1539 in
1239 1492 1350 1555 reliquis.

38 1563 187 1612 Aristoteles
200 1562 418 1619 Oeconomicornm
430 1566 539 1615 secundo
552 1567 582 1615 de
596 1564 728 1616 Mnemone
740 1565 836 1623 Rhodio
848 1572 954 1626 tyranm
967 1563 1114 1627 Lampsaci:
1132 1576 1182 1609 ross
1194 1576 1221 1609 aa
1234 1575 1350 1625 asparso-

37 1650 139 1693 ossms
157 1647 295 1699 00010000
313 1651 358 1690 τας
376 1648 504 1699 morentiae
522 1653 563 1686 scs
576 1652 636 1693 socc
644 1639 757 1695 μισθους
769 1634 796 1690 dl
814 1628 914 1699 ἥμερον
931 1648 977 1681 σου
990 1626 1115 1689 isssssso,
1134 1645 1237 1688 cotom
1249 1647 1352 1687 morare

36 1721 90 1760 rosc
109 1700 216 1769 ᾖμεραις
234 1698 292 1753 orire
311 1706 426 1770 φυλακην
444 1701 536 1763 &aaut
554 1701 683 1766 olibanum,
702 1700 759 1756 os'rra
776 1706 893 1768 1000000
908 1696 1352 1775 0010ιο101,00ςέ100(10010000

37 1777 127 1840 lupos.
164 1777 392 1840 Lampsacenorum
417 1779 494 1842 igitur
518 1791 598 1828 annus
622 1779 814 1828 0000100001
833 1782 896 1832 erat,
921 1779 991 1838 cujus
1009 1788 1082 1837 pares
1101 1787 1209 1830 menses,
1236 1774 1349 1837 quamrls

36 1849 89 1896 cari
117 1854 215 1903 essent,
248 1846 334 1896 tanen
359 1851 576 1914 tsrsoesosdqospor
601 1849 762 1914 putabantur,
789 1847 836 1897 hoc
859 1852 898 1895 est
922 1845 1046 1909 spissata
1070 1844 1205 1894 habebant
1249 1843 1345 1893 Milites
1424 1871 1433 1889 .

36 1927 122 1967 satem
155 1924 216 1982 quot
244 1917 371 1967 mensibus
399 1919 550 1982 stipendium
581 1920 738 1984 accipiebant
760 1920 856 1971 ratione
881 1915 916 1966 30
939 1917 1044 1972 dicrum,
1068 1917 1146 1964 etium
1168 1928 1253 1963 mense
1279 1927 1348 1964 earo.

36 1990 70 2039 tt
94 1990 168 2037 raier
191 1995 312 2051 tyrannus
336 1990 464 2038 mensibus
493 1993 559 2040 caris
578 1994 700 2040 rationem
719 1989 830 2040 babebat
846 2004 889 2051 spe
906 1980 1067 2050 [impostores
1092 1985 1157 2051 qnod
1175 1986 1352 2050 assequentis

37 2060 183 2109 declarant:
201 2062 279 2123 prius,
299 2061 386 2123 inquit.
405 2061 503 2110 solebat
520 2061 638 2125 postridie
657 2061 824 2111 Calendarum
843 2060 913 2116 dare,
932 2072 987 2107 curn
1007 2071 1064 2106 raro
1084 2066 1151 2106 esset
1168 2051 1299 2119 11010000.
1324 2057 1351 2104 10

36 2146 86 2195 qna
104 2146 149 2195 pro
169 2131 279 2179 secunda
296 2133 388 2180 mensis
405 2134 507 2182 tertiam
525 2126 657 2196 putabant,
675 2132 709 2181 29
727 2139 826 2181 mntnm
838 2128 1085 2180 110001000001000
1097 2129 1224 2192 sequentis
1237 2125 1349 2190 putabat.
1419 2144 1440 2193 a
1523 2124 1525 2135 “

36 2201 144 2260 Deinde,
170 2209 199 2249 nt
223 2200 370 2250 illiberalins
395 2203 499 2259 iaceret,
523 2203 592 2252 alind
616 2206 756 2253 institutum
779 2205 868 2255 tenuit.
904 2199 971 2250 Nam
995 2201 1074 2263 primo
1098 2192 1237 2249 0000027
1255 2197 1350 2247 ussum

36 2272 191 2322 metiebatur
208 2285 340 2329 annonam,
358 2274 466 2331 secundo
484 2273 519 2323 25
538 2281 563 2322 et
581 2276 618 2327 ita
636 2274 760 2338 deinceps
797 2272 839 2323 Sic
857 2276 982 2335 integrum
999 2284 1111 2320 mensam
1130 2268 1281 2318 lucrabatur.

123 2345 153 2403 'ii
174 2361 199 2415 p,
225 2346 305 2398 102.»
324 2347 355 2398 In
382 2348 445 2400 Mss.
470 2348 579 2401 Pulcor.
606 2349 666 2402 vol.
688 2349 735 2401 Xl.
757 2348 808 2400 boc
827 2346 895 2400 facit
913 2343 1050 2413 Kepleruo
1071 2343 1187 2397 initium:
1208 2342 1235 2396 S.
1256 2343 1286 2396 P.
1307 2342 1349 2397 111.

30 2425 172 2496 juxtaque
194 2420 372 2501 eruditissimo
392 2426 525 2497 Scaliger.
566 2427 594 2481 Si
615 2434 677 2497 post
697 2434 844 2495 acceptam,
866 2440 946 2496 quarn
967 2428 1030 2477 ante
1051 2440 1155 2477 mensas
1176 2422 1293 2492 quinque
1314 2423 1351 2476 ud

35 2504 189 2573 couscripsi,
211 2505 352 2573 epistolum
382 2508 415 2559 de
435 2523 494 2559 tneo
516 2502 541 2560 in
562 2515 591 2561 te
612 2507 699 2561 animo
720 2508 807 2578 deque
829 2501 989 2575 integritate
1009 2504 1071 2556 meu
1086 2501 1211 2555 dubitare
1226 2495 1348 2570 coepisti,

34 2586 214 2655 perturbatus
236 2584 438 2654 importunitate
459 2586 586 2641 mercium
606 2585 883 2646 Francoiordensium,
904 2599 970 2655 quos
990 2581 1135 2653 Mogontia
1154 2581 1239 2634 misit:
1254 2585 1256 2589 '
1272 2580 1350 2634 lectis

36 2665 146 2735 (igitur)
179 2664 254 2717 bisce
286 2665 390 2719 Serarii
420 2667 538 2737 meisque
570 2666 696 2727 alternis,
727 2666 937 2733 circumventum
963 2677 1006 2715 me
1032 2677 1165 2736 agnosces
1192 2676 1349 2730 omnemque

35 2744 215 2815 suspicionem
236 2743 393 2800 eliminabis.
434 2746 544 2800 Scilicet
563 2747 612 2802 illa
631 2745 787 2800 Minervalia
808 2743 943 2814 particula
957 2737 1095 2811 ignoranti
1108 2738 1231 2810 primum,
1252 2739 1350 2793 deinde

35 2833 64 2878 et
91 2823 267 2893 repugnanti.
294 2825 409 2895 deniqne
435 2828 549 2895 decepto
571 2833 698 2891 ,extorta
727 2826 778 2878 imo
804 2826 915 2879 ademta
941 2827 997 2876 est.
1037 2823 1114 2876 liaeo
1140 2821 1212 2873 addo
1237 2817 1349 2888 paucist

34 2904 68 2957 de
89 2911 184 2957 cetero
205 2905 299 2969 soleat
318 2900 405 2958 omnis'
422 2906 551 2959 memoria
569 2905 636 2959 fact-i
657 2903 843 2974 indignissimi.
873 2901 1090 2972 Magnitudinem
1098 2899 1178 2954 animi
1189 2906 1273 2960 tuam
1285 2897 1349 2968 quin

35 2993 64 3037 ct
91 2983 260 3053 aequitatem
286 2984 496 3047 demonstrabis,
527 2984 549 3037 si
577 2986 602 3038 in
629 2985 749 3054 gratiam
775 3001 829 3037 non
856 2998 952 3042 meam.
972 2981 1020 3034 ssd
1042 2979 1240 3040 astronomiae,
1270 2977 1348 3046 cujus

34 3079 148 3127 causam
170 3076 233 3133 ago,
260 3064 307 3116 sed
327 3061 585 3148 Hipparchiqquem
604 3072 680 3118 tuum
699 3064 790 3118 dicere
809 3060 1020 3132 possum,'nibil
1041 3060 1127 3113 minus
1150 3057 1210 3127 ejus
1230 3056 1348 3128 praesti·

35 3145 111 3206 teris,
139 3145 210 3213 quod
236 3150 298 3195 eras
317 3145 501 3212 praestiturus
528 3143 600 3212 (mea
620 3145 672 3198 bac
693 3144 801 3213 publica
822 3141 937 3211 epistola
956 3133 1205 3200 commonefactus),
1232 3137 1256 3190 si
1276 3137 1348 3190 banc

34 3223 151 3293 primam
172 3238 258 3279 meum
279 3224 387 3292 legeres
407 3224 557 3292 epistolam.
597 3226 690 3279 Habes
711 3224 860 3278 Naucleros
873 3229 924 3275 etc.
1172 3258 1174 3265 ι

125 3297 154 3360 8)
174 3315 197 3363 p
220 3297 276 3348 183.
313 3297 408 3359 Quibus
439 3303 521 3355 000010
547 3310 628 3352 motus
656 3301 781 3364 Keplorns
809 3301 874 3348 hanc
902 3299 1089 3348 annotationem
1118 3294 1258 3352 addiderit,
1294 3295 1375 3380 ipsa‚⁴
1459 3318 1462 3324 -

34 3374 142 3424 nunciat
160 3370 291 3434 scaligero
307 3372 334 3420 in
352 3371 439 3429 literis,
457 3387 522 3437 qnae
540 3373 660 3438 leguntur
680 3387 757 3437 snpra
774 3388 798 3436 p.
820 3370 877 3420 102.
1292 3392 1294 3398 ·

127 3442 190 3491 Cum
216 3441 419 3505 insequentibus
438 3445 531 3507 passim
549 3445 681 3493 cucurtant
704 3443 753 3492 loci
772 3442 843 3492 allati
863 3457 893 3492 er
911 3440 991 3491 Flavii
1008 3437 1110 3502 Josepbi
1129 3435 1246 3501 operibns
1265 3430 1348 3495 (Anti-

34 3515 147 3578 quitatea
172 3512 306 3569 indultae,
336 3512 392 3564 libri
416 3513 459 3570 20.
484 3522 511 3567 st
532 3515 563 3564 de
581 3514 648 3563 bello
666 3513 784 3572 ludaico,
813 3513 869 3562 libri
895 3506 923 3572 ’1)
950 3526 1007 3567 ecs,
1031 3509 1120 3575 quibus
1145 3507 1221 3557 editio
1245 3505 1348 3570 Jossphi

31 3584 199 3633 iliadorllana
222 3586 247 3632 in
272 3583 386 3632 manibus
412 3593 459 3642 00,
483 3600 620 3641 monemus,
639 3598 754 3633 numeros
773 3587 885 3648 capitum
905 3596 922 3632 a
939 3581 1049 3644 Keplero
1068 3581 1205 3644 propositos
1228 3592 1270 3627 oon
1284 3592 1360 3634 esse,

31 3669 93 3719 quos
112 3654 256 3704 lllndorfius
275 3655 392 3703 cancellis
411 3656 519 3705 inclusos
537 3657 646 3706 numeris
666 3655 805 3718 adscripsit,
824 3654 912 3719 quibus
934 3654 987 3716 ipso
1007 3652 1091 3716 capita
1109 3651 1242 3713 inscripsit
1385 3662 1387 3668 ·

89 3752 91 3756 Δ
122 3724 151 3785 a)
171 3739 195 3788 p.
217 3723 273 3774 189.
309 3725 479 3783 Picnilnnium
503 3727 550 3777 boc
573 3727 717 3791 eclipticum
744 3733 770 3773 et
794 3724 913 3790 paschale
938 3722 1036 3773 erudito
1060 3722 1175 3771 examine
1200 3725 1238 3768 et·
1252 3718 1349 3767 calculo
1427 3775 1438 3795 a

30 3797 120 3846 solerti
145 3796 273 3860 inquisivit
294 3795 333 3848 Jo.
357 3796 438 3846 Fried.
463 3795 561 3855 Wurm,
594 3794 952 3862 professor'Stuttgartiensis,
980 3796 1007 3843 in
1030 3792 1148 3856 Bengelii
1175 3789 1284 3846 ,Arcbis
1307 3788 1349 3838 idr
1432 3791 1440 3814 ²

31 3867 188 3931 Tbeclcgis“
225 3865 274 3915 rol.
293 3865 324 3916 Π.
352 3867 427 3925 1818,
452 3871 522 3931 cujus
546 3869 587 3919 rol
604 3869 624 3918 1.
644 3867 746 3929 exbibet
763 3868 945 3932 disquisitiones
963 3859 1349 3929 theologico-historicaseadem

31 3937 61 3988 10
81 3953 110 3987 re
131 3936 237 3986 celebris
255 3937 365 4001 theologi
384 3939 534 3989 Sdsskindii.

126 4006 169 4070 10)
188 4023 212 4072 p.
234 4006 290 4057 191.
328 4008 401 4059 Hunc
419 4011 500 4059 locum
519 4025 568 4060 non
585 4011 660 4074 plano
678 4009 765 4059 rerbis·
779 4008 860 4058 Taciti
879 4007 1018 4056 consentire
1037 4005 1090 4068 ipse
1109 4001 1235 4065 Kepletus
1253 4002 1350 4050 fatetur

30 4083 55 4130 in
73 4080 140 4130 libro
160 4086 246 4128 contra
263 4078 409 4130 Roeslinum
427 4083 518 4145 scripto
537 4078 595 4142 (rol.
615 4082 634 4131 L
654 4096 678 4145 p.
699 4079 760 4142 529)
780 4091 930 4143 causamque
950 4078 1040 4126 erroris
1060 4074 1094 4124 ibi
1114 4073 1201 4131 affert3
1221 4071 1309 4122 itidem
1323 4074 1349 4121 iu

30 4145 282 4216 Eclognsshronieis
302 4166 326 4214 p.
346 4149 405 4200 380.
739 4183 750 4214 ‚
949 4144 953 4153 ⁴
1195 4144 1196 4148 ¹
1337 4169 1340 4176 ·

84 4239 96 4251 „
125 4220 168 4284 11)
187 4237 211 4285 p.
229 4220 289 4271 210.
326 4221 457 4291 ¹Roaslinus
482 4223 514 4273 ad
539 4239 564 4288 p
589 4223 624 4272 24
651 4217 726 4282 (191)
750 4221 808 4272 libri
832 4219 980 4283 Kepleriani
1005 4216 1069 4265 baec
1087 4221 1186 4264 monet:
1222 4212 1349 4277 Keplerus

31 4293 76 4343 bat
101 4293 168 4343 alles
193 4291 318 4349 serkehrt,
344 4293 427 4343 ziehet
450 4295 561 4346 Suetonii
586 4295 668 4344 locum
692 4291 761 4342 nieht
785 4292 950 4342 r'olibommen
974 4301 1016 4345 an,
1042 4287 1104 4336 linat
1128 4285 1168 4355 die
1193 4283 1349 4334 ilirnembste

31 4364 102 4414 Wort
127 4379 195 4420 anas,
222 4363 261 4413 110
280 4364 329 4412 100
353 4365 455 4414 rechten
481 4365 542 4417 Sinn
567 4365 656 4431 geben,
683 4365 734 4413 und
758 4365 838 4413 damit
854 4376 914 4411 man
931 4358 1028 4409 soicbes
1047 4357 1117 4406 nicbt
1135 4356 1214 4406 leioht
1230 4354 1350 4411 mercica

31 4435 122 4491 11011,
142 4435 187 4482 hat
205 4450 233 4483 er
251 4449 326 4483 zuror
344 4442 474 4499 gesetzton
492 4436 588 4502 Spruoh
607 4436 676 4485 niobt
689 4434 808 4485 Suetonio
822 4431 1026 4505 augescbrieben‚
1044 4429 1151 4477 eundern
1164 4426 1236 4476 corn.
1251 4426 1349 4481 Tacito,

32 4505 112 4556 demit
130 4519 204 4554 vanu
224 4506 294 4554 einer
311 4506 471 4556 naebsuoben
489 4508 562 4557 volte
581 4510 607 4558 10
625 4508 713 4556 Tacito
731 4506 784 4558 und
800 4505 878 4568 Jhnon
896 4503 966 4553 nicht
982 4500 1066 4550 finden
1085 4498 1141 4547 tbat
1158 4493 1215 4556 (vie
1234 4511 1262 4546 er
1280 4495 1349 4545 dana

31 4576 102 4626 nicbt
127 4578 233 4626 drinnen
259 4574 346 4636 steht),
372 4580 443 4626 einer
467 4579 613 4629 rerdrossen
638 4577 704 4627 rrerd
728 4565 1347 4633 0011101100100000011100(1100100001.

31 4647 71 4697 Da
89 4663 120 4698 er
137 4647 201 4699 doch
220 4647 367 4713 gedencken
384 4650 441 4705 solt,
460 4649 518 4700 dass
537 4650 629 4702 andere
648 4649 713 4699 auch
732 4650 757 4698 in
775 4649 824 4697 dsn
843 4647 970 4708 ilistorien
989 4643 1067 4709 geltbt
1085 4638 1185 4690 seren!

113 4738 195 4791 septen
208 4738 272 4792 ossa
286 4738 320 4781 rr.
749 4752 750 4755 κ
1106 4725 1140 4778 33
