3144 5474
241 234 308 303 too
451 243 453 253 '
658 252 762 306 remu
773 252 876 319 111111
888 227 1148 320 arremarenses
1252 295 1256 309 ‚

284 399 288 408 ‘
328 395 405 464 cum
428 415 499 480 ergo
521 396 641 472 videas,
661 396 782 461 iuliano
808 396 880 460 110.
902 395 1051 460 numerari
1072 395 1155 476 hiajo
1177 414 1282 460 mense
1309 395 1441 460 Neronis
1456 395 1508 469 12,
1520 413 1541 457 u

241 496 338 571 putes,
354 493 498 571 sequente
516 487 565 550 13.
575 486 727 563 Octobris,
743 487 792 568 qni
801 486 915 550 Neroni
929 486 987 549 fuit
1000 486 1086 568 regni
1100 486 1222 562 natulis,
1244 505 1356 549 novum
1369 485 1445 548 inire
1458 502 1541 547 enum

241 597 311 641 ecce
327 575 464 660 sequenti
477 575 641 640 Novembri
656 576 753 639 adhuc
771 577 819 638 12
834 575 965 638 Neronis
987 575 1037 639 lib.
1052 575 1090 638 Π,
1106 594 1130 637 1.
1148 575 1199 638 24.
1221 576 1271 639 Ac
1291 594 1411 638 rursum
1426 593 1462 636 ne
1476 579 1541 655 puter

242 687 334 750 supra
348 665 543 746 menseldajo
565 665 674 729 vitiose
692 665 741 727 12.
756 664 901 747 scriptum
916 683 970 746 pro
988 664 1044 739 ll,
1067 680 1137 726 ecco
1152 664 1233 727 Julic
1250 664 1407 746 sequentis
1424 663 1541 725 annilll

239 756 355 821 Juliani
364 755 430 837 jam
444 753 574 818 Neronis
591 755 640 818 13.
655 754 704 817 111).
715 755 768 818 Ill
785 754 870 817 113.
902 752 1081 819 Certissima
1095 752 1190 833 igitur
1203 754 1280 817 haec
1294 754 1377 818 ratio
1392 752 1521 834 computi

765 990 814 1093 ’11,
834 1018 1048 1093 lemnos

325 1197 452 1280 Jamque
468 1215 529 1260 non
544 1202 663 1259 tautum
677 1197 839 1279 exemplar,
856 1197 910 1259 sed
919 1198 1000 1279 haec
1015 1195 1082 1278 ipsa
1096 1213 1212 1279 quoque
1226 1196 1397 1278 praemissa
1412 1196 1541 1260 admoniti

238 1293 306 1352 erat
320 1285 505 1369 perscripta:
529 1304 595 1348 cum
610 1305 680 1349 ecce
696 1287 759 1349 otio
776 1287 848 1350 dato
863 1287 894 1349 in
908 1293 1027 1368 partem
1043 1287 1205 1352 secundam
1217 1285 1312 1349 libelli
1321 1285 1482 1352 Laurentii
1495 1286 1541 1350 Sus

236 1379 326 1460 lygae
341 1374 456 1451 incido,
478 1374 668 1467 ibiqueepag.
685 1375 735 1439 28.
752 1376 947 1439 annotatione
966 1376 1015 1438 14.
1037 1396 1097 1439 non
1118 1381 1237 1439 tantum
1256 1376 1316 1438 hoc
1329 1375 1430 1456 ipsum
1445 1377 1541 1440 axiorn

237 1466 317 1551 quod
332 1472 380 1529 tot
396 1465 542 1546 exemplis
558 1465 699 1541 defendo,
722 1466 777 1528 sed
797 1473 830 1527 et
844 1465 901 1529 hoc
916 1465 1015 1547 ipsum
1035 1466 1203 1545 exemplum
1218 1465 1349 1528 deauuo
1370 1466 1420 1528 12.
1442 1466 1541 1529 Neroni

237 1555 365 1620 invenio.
410 1556 475 1631 Ait,
490 1554 612 1635 probari
627 1555 762 1636 regulum
776 1555 855 1620 hanc
870 1574 909 1617 ex
923 1554 1152 1636 triumphalibus
1167 1554 1279 1618 tabulis
1289 1553 1482 1636 Capitolinis,
1494 1556 1541 1619 Dio

237 1645 309 1709 doro
326 1642 438 1720 Siculo,
453 1644 600 1727 Dionysio
614 1644 858 1722 Halicarnasson,
874 1642 906 1708 S.
921 1643 1115 1726 Hieronymo,
1127 1644 1274 1719 Eusebio,
1294 1643 1423 1726 danique
1439 1645 1541 1708 omnibu

236 1734 399 1799 historicis.
429 1732 464 1798 si
479 1734 528 1798 vel
544 1750 599 1815 ego
614 1735 691 1797 haec
707 1741 778 1798 aute
793 1735 935 1816 legissem
949 1735 1088 1817 lectaque
1103 1734 1275 1808 tenuissem,
1293 1733 1343 1796 vel
1360 1732 1492 1817 Suslyga
1504 1735 1541 1815 ips

235 1824 341 1907 regula
354 1825 412 1887 hac
428 1843 482 1887 sna
496 1824 531 1888 in
544 1823 630 1887 annis
637 1823 771 1891 Herodis
786 1824 895 1888 fuisset
908 1843 989 1899 usus,
1004 1824 1067 1888 heri
1076 1824 1228 1906 potuisset
1236 1841 1345 1904 operae
1357 1823 1541 1906 compendien

157 1953 162 1972 .
233 1915 322 1978 Nunc
337 1914 408 1997 quid
422 1920 537 1989 restat,
558 1913 616 1976 nisi
629 1918 666 1976 ut
682 1919 719 1976 et
729 1931 784 1996 ego
801 1913 1000 1996 suspicionem
1015 1914 1128 1977 fraudis
1144 1915 1304 1994 deprecer,
1320 1906 1485 1996 ‘potiusque
1497 1913 1541 1995 pul·

236 1992 340 2067 chrum
354 2002 427 2066 illud
441 2002 596 2078 inculcem,
612 2002 739 2072 diversis
755 2004 860 2067 eodem
875 2002 1033 2067 convenire
1049 2003 1119 2066 viis:
1144 2010 1224 2065 etut
1237 2001 1422 2067 Laurentius
1438 2001 1541 2084 Suslpgr

235 2093 361 2156 suismet
374 2092 486 2173 regulis
501 2111 534 2154 se
549 2092 797 2174 ipsumedoceat,
811 2092 964 2156 Herodem
985 2099 1134 2156 mortuum
1148 2103 1208 2155 non
1222 2092 1274 2155 43.
1297 2091 1352 2154 sed
1368 2092 1541 2156 41111111

159 2218 161 2221 v
235 2182 336 2265 itaque
353 2182 389 2244 de
405 2182 453 2244 die
469 2181 608 2244 natalitio
625 2180 884 2246 censoremve
901 2182 1062 2263 deliberet:
1086 2202 1173 2264 quem
1188 2181 1325 2263 equidem
1339 2181 1391 2244 ille
1408 2181 1541 2262 aJosepho

139 2323 141 2328 .
236 2269 390 2352 Scaligero
411 2271 574 2352 productus
588 2270 802 2355 ἐνόιλιχισμος,
824 2291 901 2335 anuo
917 2271 969 2335 40.
983 2272 1103 2335 Juliano
1118 2271 1149 2334 in
1163 2271 1284 2335 Juniurn
1298 2271 1349 2334 vel
1362 2271 1541 2342 Decembrem

149 2388 153 2396 1
235 2379 314 2423 anno
328 2379 400 2422 vero
415 2360 467 2423 41.
480 2360 512 2423 11
525 2360 662 2443 Aprilem
676 2363 725 2425 iel
741 2361 905 2426 Octobrem
920 2362 1013 2424 refert
1028 2362 1066 2426 ab
1083 2360 1234 2426 encaeniis
1247 2360 1447 2448 Macchabaei
1462 2378 1541 2424 accer-

236 2448 325 2513 situs:
349 2449 388 2513 ab
403 2469 482 2515 auno
498 2469 569 2515 uero
585 2452 615 2513 2.
629 2451 820 2517 monarchiae
837 2449 919 2534 Gyri,
934 2451 1088 2515 tautumb
1105 2451 1210 2515 (111111
1226 2449 1324 2514 aliter.

797 2749 1005 2841 111111.
