3112 5474
553 271 636 350 crpus
647 285 666 336 1.
690 284 800 337 udum.
939 230 942 237 -
1281 265 1350 335 ⁴287

42 428 73 482 ter
84 443 128 488 nos
143 424 258 489 Christi
273 420 452 509 discipulos)
465 427 562 508 pleno
569 427 638 510 fide
654 437 689 492 st
701 437 793 492 estro
808 449 926 492 onmes
940 409 1144 492 dubitationis
1157 427 1206 493 vel
1220 430 1350 493 incerti-

38 511 129 580 tsdim'o
142 514 245 579 worn
260 513 382 597 limsido
399 523 533 591 omistot,
564 518 646 581 siout
665 519 975 591 oodiooonvnoots,
998 518 1052 600 qui
1066 518 1210 582 cointe
1225 519 1290 600 ipsi
1303 520 1350 582 vi-
1447 573 1448 576 ,

34 601 121 668 mid
133 613 162 667 et
174 606 315 669 ministri
320 608 457 689 fimat
469 610 636 670 ammonia:
652 609 806 671 cicumeat
820 608 941 671 etmihi
955 614 1094 672 assecuto
1110 609 1215 671 oman
1230 609 1350 690 ops-in

29 693 91 775 opib
112 693 277 778 diligenter
297 715 338 758 erc
359 697 470 758 ordine
492 697 549 758 tibi
568 700 716 772 scribae,
741 699 854 779 optime
871 694 1055 779 Theoplasto:
1079 705 1116 760 at
1137 692 1219 778 (ipse
1234 716 1350 779 quoque

28 790 103 846 lecum
113 786 143 846 in
154 785 244 847 corde
255 779 323 865 tuo)
333 805 518 859 ammonam,
529 786 569 848 de
578 787 688 869 pacibus
698 781 833 869 (tantmn
844 788 882 850 ab
892 788 960 851 aliis
971 787 1125 850 extraneis
1135 786 1294 850 institutus
1303 780 1350 866 et)

28 873 144 937 madidas
160 894 202 948 eo,
217 874 377 938 ceritatem
392 883 421 937 et
434 881 535 939 tutum
549 877 764 940 entitadinom
779 896 954 959 cognoscas.
1330 917 1334 937 ι

89 964 205 1037 Vides,
224 983 365 1046 quorsum
387 965 588 1046 Evangelista
610 967 781 1047 respexerit
801 967 832 1028 iu
855 973 1000 1029 accurata
1022 965 1192 1046 digestione
1214 971 1246 1027 et
1263 983 1350 1039 ‚cum-

28 1054 153 1115 ositione
169 1053 317 1115 historiae
333 1053 371 1116 de
388 1051 528 1118 Christo:
557 1063 592 1118 ut
602 1054 726 1118 scilicet
740 1055 926 1137 Theophilus
943 1075 1014 1117 snus
1030 1073 1089 1118 non
1106 1061 1226 1117 tantum
1241 1063 1350 1116 narra·

28 1142 135 1205 ouibus
151 1142 302 1205 innitatur
317 1144 511 1223 promiscuis,
534 1147 588 1208 sed
604 1146 641 1206 de
657 1146 789 1208 veritate
804 1146 847 1207 rei
865 1164 965 1207 secum
981 1144 1047 1225 ipso
1068 1151 1155 1206 tanto
1171 1143 1224 1205 liat
1241 1143 1351 1205 confir·

29 1232 120 1294 atim.
167 1231 252 1294 Nihil
276 1233 378 1313 itaque
401 1233 534 1309 dubites,
559 1234 942 1307 omnem‘circumstantiae
965 1234 1109 1314 temporis
1132 1232 1352 1306 enodationem,
1468 1224 1470 1235 '

27 1322 196 1384 rantumvis
211 1341 272 1384 non
288 1340 421 1403 semper,
444 1343 503 1386 uon
519 1324 641 1406 ubique,
663 1344 723 1386 non
738 1324 896 1405 unicuique
911 1322 1084 1385 necessaria
1100 1322 1155 1396 sit,
1170 1323 1209 1385 ad
1226 1323 1351 1385 eundem

28 1429 102 1472 men
120 1428 256 1491 scopum.
271 1412 320 1493 qui
335 1412 553 1492 Evangelistee
569 1415 836 1494 proposituserst,
852 1412 1014 1475 collimare.
1338 1479 1341 1484 ,

85 1501 172 1563 Nam
197 1500 256 1562 etsi
272 1501 330 1563 hac
345 1501 469 1564 Domini
492 1512 523 1564 et
537 1502 595 1565 Dei
619 1499 716 1566 nostri
731 1512 861 1585 paterna
882 1503 973 1584 plane
990 1498 1214 1574 sollicitudine,
1229 1500 1287 1564 hac
1301 1500 1350 1563 iu·

27 1609 89 1653 ram
106 1590 313 1666 descriptione
336 1589 630 1655 circumstantiarum
646 1590 704 1655 loci
721 1601 753 1655 et
765 1592 926 1674 temporis,
950 1586 1071 1654 tantum
1091 1591 1229 1653 ellectum
1246 1598 1303 1664 est,
1318 1591 1353 1651 ut

28 1680 157 1742 imitiva
173 1680 303 1742 ecclesia
325 1699 486 1762 omnesque
510 1683 587 1744 adeo
602 1683 748 1764 temporis
769 1682 850 1746 illius
865 1682 1015 1755 homines,
1039 1686 1127 1752 extra
1143 1679 1236 1741 otiam
1251 1680 1351 1743 eccle-

28 1789 75 1831 am
92 1771 288 1851 quantumvis
310 1769 479 1834 doctissimi
496 1778 527 1833 et
541 1772 789 1852 ingeniosissimi,
812 1771 849 1834 de
869 1771 1016 1833 historica
1038 1769 1197 1851 Evangelii
1220 1767 1351 1832 veritate

28 1867 107 1920 ssent
124 1859 286 1921 certissimi
303 1866 335 1920 et
351 1861 620 1924 confirmatissimi:
645 1862 721 1924 adeo
737 1868 771 1923 ut
786 1860 991 1923 Tertullianus
1008 1858 1234 1940 antiquissimus
1250 1857 1350 1920 eccle·
1381 1852 1387 1863 '

28 1967 63 2009 ae
90 1947 224 2029 scriptor
246 1949 434 2011 Marcionem
457 1949 659 2026 haereticum,
684 1952 732 2033 qui
758 1950 920 2012 veritatem
945 1947 1045 2011 carnis
1069 1946 1183 2011 Christi
1207 1947 1350 2028 negabat,

28 2037 259 2100 cnfidentissime
276 2038 420 2119 ablegare
442 2040 577 2119 potuerit
597 2039 636 2101 ad
658 2039 780 2102 tabulas
803 2056 946 2102 censuum
960 2032 1165 2101 Romanorum
1188 2037 1227 2100 ad
1242 2037 1349 2117 explo-

28 2127 129 2206 sndam
144 2127 235 2189 fidem
250 2127 455 2208 Evangelicae
470 2128 630 2190 historiae:
654 2130 767 2190 lact-um
783 2136 886 2191 tamen
903 2135 951 2213 est
966 2127 1059 2208 longa
1074 2134 1210 2191 aetatum
1226 2143 1349 2189 sueces-

28 2218 95 2290 ione,
110 2225 275 2297 postquam
291 2214 453 2279 memoriae
463 2224 562 2279 rerum
574 2217 692 2280 illarum
702 2225 857 2298 gestarum
873 2219 1045 2298 formaeque
1056 2216 1361 2298 rerumpublicarum,-

29 2325 78 2367 uae
95 2312 170 2368 tunc
186 2314 285 2380 erant,
299 2306 447 2386 paulatim
463 2307 645 2368 obliteratae
655 2307 784 2382 fuerunt,
800 2308 929 2370 maxime
945 2314 1018 2388 post
1033 2306 1219 2369 eversionem
1235 2305 1350 2386 imperii

28 2395 148 2469 tomani,
172 2394 229 2456 sub
252 2414 310 2476 quo
331 2394 453 2458 Judaea
474 2397 595 2469 fuerat,
618 2403 652 2457 ut
675 2397 833 2459 occasione
857 2398 946 2478 hujus
968 2397 1062 2477 ipsius
1083 2394 1349 2475 Evangelistarum

28 2484 190 2564 liligentiae,
206 2485 297 2564 quam
307 2483 772 2566 adhibueruntinconsiguandis
788 2487 1026 2549 circumstantiis
1036 2485 1208 2548 nativitatis
1226 2482 1350 2558 Christi,
1387 2496 1389 2504 '

28 2573 72 2635 nvi
81 2592 200 2636 errores
208 2574 392 2648 existerent,
401 2573 432 2635 in
441 2594 515 2656 quos
523 2575 607 2637 velut
615 2575 645 2637 in
653 2575 794 2656 scopulos
803 2575 918 2656 aliquos
929 2566 1098 2656 impingunt
1108 2573 1348 2654 juveniliainge-

28 2663 176 2744 iaquihus
187 2663 360 2744 ignorantia
368 2682 467 2725 rerum
477 2663 578 2726 varias
590 2664 785 2745 suspiciones,
797 2683 921 2727 acumen
931 2665 1068 2738 rationis,
1077 2663 1217 2725 fiduciam
1227 2662 1272 2726 sui
1282 2663 1348 2742 ple-

28 2770 74 2812 iam
87 2751 274 2814 temeritatis
291 2752 483 2833 suppeditat;
500 2753 606 2835 quihus
621 2753 665 2816 illi
681 2754 857 2815 ductoribus
872 2753 1012 2835 pessimis
1027 2753 1057 2815 in
1073 2750 1252 2833 praecipitia
1267 2751 1349 2833 peri-

28 2840 192 2903 ulosissima
209 2840 431 2904 dubitationum
454 2844 490 2905 de
506 2841 637 2905 veritate
660 2842 805 2905 historiae
820 2842 1236 2923 Evangelicae‘seducuntur.
1282 2838 1374 2912 Quss

29 2930 239 2993 ndubitatione
256 2938 469 3014 contemtoque
493 2950 679 2995 cumrerum
701 2931 883 2995 creditarum
905 2940 968 2994 tum
989 2930 1174 2994 credentium
1195 2929 1348 2993 illitanto
1411 2968 1413 2973 ι

28 3019 100 3098 uagis
116 3021 346 3095 confirmantur,
374 3021 400 3083 si
415 3021 547 3084 viderint
562 3023 722 3103 quosdam,
738 3022 788 3104 qui
802 3028 949 3104 praesunt
964 3020 1120 3095 ecclesiae,
1140 3020 1236 3083 bonos
1251 3019 1349 3100 magis

28 3127 92 3187 pam
107 3110 250 3190 providos
274 3118 306 3172 et
321 3110 571 3192 circmnspectos,
594 3130 686 3193 saepe
703 3112 795 3174 etiam
817 3111 1025 3175 imbecillitate
1042 3109 1148 3190 judicii
1163 3110 1348 3185 laborantes,

28 3198 71 3258 nlo
86 3199 215 3280 quodam
236 3199 286 3280 pio
302 3207 464 3280 provectos
479 3201 624 3263 resistere
647 3202 943 3284 circumstantiarum
964 3201 1072 3263 harum
1086 3198 1272 3281 inquisitioni
1278 3218 1287 3274 ;
1311 3219 1347 3264 nc

28 3286 122 3348 cilicet
143 3287 279 3369 dignitas
300 3289 449 3360 historiae
473 3309 579 3353 sacrae
601 3290 799 3353 ventilatione
821 3292 889 3366 hac,
910 3298 946 3354 ut
966 3290 1009 3353 illi
1030 3296 1151 3371 putant,
1172 3290 1349 3371 profanetur

28 3382 62 3436 sut
80 3375 206 3439 ludibrio
223 3386 401 3458 exponatur.
445 3379 512 3442 Hoc
535 3380 631 3460 ipsum
648 3381 725 3442 enirn
749 3379 907 3461 suspiciosi
923 3380 967 3442 illi
991 3386 1169 3454 causantur,
1190 3378 1248 3441 hoc
1270 3378 1350 3441 inter

28 3482 112 3527 ausas
134 3485 203 3528 esse
224 3467 390 3529 clamitant*
406 3468 601 3531 confirmatae
624 3475 657 3531 et
680 3469 710 3531 in
732 3470 840 3550 vulgus
857 3469 1097 3534 Christianorum
1119 3476 1261 3549 receptae
1277 3485 1348 3549 per·

28 3554 154 3618 suasionis
176 3556 212 3617 de
228 3556 358 3618 historia
372 3557 566 3638 Evangelica
612 3557 692 3620 Sunt
707 3558 759 3621 alii
774 3559 821 3621 his
839 3559 998 3634 contrarii,
1019 3578 1079 3621 non
1096 3558 1214 3620 omnino
1231 3557 1350 3639 quidem

28 3644 84 3718 nali,
99 3644 258 3724 suspiciosi
274 3653 377 3708 tamen
395 3653 427 3708 et
442 3647 499 3727 ipsi
505 3666 514 3722 3
532 3647 640 3728 quippe
656 3664 781 3729 quorum
797 3648 872 3710 haec
888 3655 937 3710 est
952 3656 1070 3723 natura,
1085 3654 1120 3709 ut
1136 3645 1206 3709 siin
1222 3646 1350 3709 historia

28 3729 189 3814 lvangelica
199 3733 265 3814 jam
280 3734 349 3796 inde
366 3757 384 3797 a
405 3736 551 3817 principio
567 3735 793 3799 Christianismi
815 3737 914 3799 omnia
930 3738 1066 3799 omnibus
1089 3735 1281 3798 exactissime
1298 3755 1348 3798 re-

28 3823 197 3899 sponderent,
219 3843 274 3885 nec
290 3824 449 3906 quicquam
464 3844 593 3907 unquam
609 3826 796 3906 disputatum
811 3834 903 3901 osset,
925 3834 1023 3890 totum
1038 3825 1082 3888 rei
1097 3825 1205 3888 seriem
1221 3843 1348 3905 suspec-

28 3923 69 3972 'an
82 3911 213 3974 habituri
229 3913 367 4000 finissent,
383 3915 517 3997 adeoque
534 3935 572 3977 ex
588 3915 755 3997 composito
771 3915 1209 3998 mutuaqueEvangelistarum
1225 3914 1347 3996 conspi-

28 4000 120 4062 ratione
136 4000 329 4082 desoriptam.
515 4002 517 4077 j
666 4080 667 4084 Ἰ
1339 4060 1341 4065 ,

91 4090 168 4154 Cum
182 4091 286 4173 itaque
303 4099 417 4154 certum
431 4092 613 4167 habeamus,
635 4113 695 4156 nou
718 4093 863 4157 delectari
878 4094 977 4157 Deum
1000 4093 1174 4176 cujusquam
1196 4091 1349 4154 hominum

28 4176 128 4242 uteritu
144 4187 199 4242 aut
213 4199 329 4243 errore:
346 4182 418 4263 quin
433 4183 534 4262 potius
548 4182 580 4244 id
596 4200 719 4263 operam
734 4184 816 4259 dare,
832 4192 867 4246 ut
882 4190 990 4247 contra
1004 4198 1210 4263 unumcuuque
1225 4181 1349 4244 humani
1376 4218 1379 4226 .
1452 4201 1456 4209 ·

28 4264 117 4345 lugenii
132 4270 349 4348 veldelectum
359 4273 407 4333 vel
423 4272 536 4346 vitium,
553 4291 610 4353 quo
626 4272 655 4334 iu
672 4273 867 4353 agnoscenda
875 4273 1006 4335 veritate
1021 4272 1159 4354 impediri
1174 4271 1263 4334 horno
1273 4289 1347 4351 pos·

28 4353 60 4429 tit
66 4360 387 4440 necessariaprocuret
394 4361 526 4423 remedia
534 4363 635 4442 sicque
644 4362 754 4424 reddet
760 4362 991 4437 inexcusabiles,
1001 4363 1050 4444 qui
1061 4360 1267 4424 dubitationes
1277 4380 1348 4422 suas

28 4446 191 4519 peniciosas
205 4449 375 4529 pertinacia
390 4456 529 4513 tuentur:
550 4451 626 4513 nihil
642 4451 759 4527 dubito,
776 4453 846 4533 quin
860 4452 892 4513 in
906 4452 964 4514 hos
985 4453 1069 4532 ipsos
1083 4470 1156 4513 usus
1172 4456 1349 4530 comparata

28 4531 54 4592 sit
65 4554 127 4598 cum
141 4556 294 4618 apparens
317 4540 464 4620 antilogia
486 4540 672 4621 quarundam
685 4559 799 4615 rerum,
822 4549 885 4603 tum
899 4540 930 4602 in
945 4541 983 4602 iis
999 4539 1195 4603 conciliandis
1217 4539 1347 4601 chrono-
1370 4570 1371 4573 ¹

28 4617 138 4702 iugorum
160 4627 373 4690 hodiernorum
393 4628 558 4704 industria,
581 4630 630 4711 qui
646 4630 747 4691 divino
771 4631 901 4712 quod-am
922 4631 1068 4702 instinctu
1083 4627 1225 4698 certatim
1243 4646 1297 4707 pro
1315 4645 1348 4689 se

28 4712 127 4795 quisquo
143 4716 174 4778 in
190 4716 390 4780 enodatioues
407 4724 669 4786 controversiarum
685 4718 722 4780 de
738 4719 924 4801 temporibus
939 4719 1150 4801 quaestionum
1164 4716 1347 4782 incumbunt

28 4794 72 4863 Nec
85 4822 192 4878 moror,
204 4805 278 4867 illos
293 4805 351 4868 hao
367 4807 525 4870 occasione
541 4807 572 4870 lu
589 4806 799 4872 contentiones
822 4818 855 4871 et
868 4809 953 4873 rixas
967 4807 1104 4890 pertrahi
1126 4824 1274 4888 superque
1289 4805 1350 4867 hac
