3142 5476
563 243 942 325 6666666666
1108 188 1111 194 ’
1302 229 1388 302 :rto

67 396 206 473 66666666
220 396 309 453 esset
324 385 484 464 06616666,
503 386 595 455 tenio
610 389 860 467 666661666666,
874 367 1036 466 Decembri
1057 389 1218 457 06616666,
1251 390 1316 457 Sed
1329 392 1388 458 hoe
1450 428 1452 437 ¹

27 495 29 498 ’
68 484 174 547 oseae
189 477 395 543 dissimulavit
410 476 585 558 Dionysius,
606 479 685 559 qnod
700 478 789 543 166116
805 488 862 555 666,
878 481 905 544 61
920 500 1016 544 anuas
1031 480 1158 563 incipiat
1171 503 1191 545 a
1207 481 1272 548 061.
1286 483 1386 547 Janu·

66 571 127 636 616
168 570 235 632 Noa
255 568 349 649 igitur
373 573 547 648 putantes,¹
565 567 645 647 quod
668 577 873 651 computemus
904 570 1171 635 acircnmcisione
1197 570 1314 636 Christi
1347 589 1387 635 ex
1489 568 1490 576 ’

66 668 145 723 mute
164 656 324 739 Dionysii,
345 661 554 739 computamus
576 675 615 720 ex
635 664 738 721 mente
760 658 895 739 ejusdem
916 652 936 721 a
959 658 1103 725 Calendis
1118 659 1287 736 ianuariis,
1309 679 1386 743 qnae

67 748 272 829 suceptionem
301 753 544 828 praecesseraut.
587 746 777 827 Augumento
802 756 864 824 est,
896 748 975 831 quud
1005 748 1135 812 ecclesia
1160 748 1281 814 Gallias
1309 749 1389 814 hauc

1 826 10 902 f
65 857 149 902 aeram
175 838 226 900 din
254 834 416 904 60666066]
443 836 482 898 66
516 835 705 916 aequinoctio
739 837 860 919 incepit
911 839 1010 901 Facta
1040 838 1098 901 fuit
1125 839 1157 915 ό
1187 835 1226 917 Θ
1256 838 1279 913 d
1308 857 1388 901 anuo
1488 889 1493 897 .

65 927 111 992 006
124 927 313 1008 Dionysiano
336 931 443 989 nostra
465 924 668 1006 usurpatione.
714 922 802 996 Quae
824 946 891 991 cum
910 927 1052 992 inciderit
1073 935 1146 991 anta
1166 928 1297 1010 pascha,
1319 928 1387 991 ideo

65 1017 143 1081 adbuc
165 1016 310 1079 tribuitur
333 1036 352 1079 a
375 1014 523 1096 scriptore
544 1014 597 1078 illo
619 1034 699 1077 anno
721 1007 794 1080 807.
839 1016 909 1081 Non
935 1016 1022 1080 multi
1045 1017 1289 1081 animadvertunt
1309 1015 1389 1080 huno

64 1109 157 1170 1666666
178 1106 307 1181 erroris,
332 1100 410 1169 61116
433 1103 560 1185 quilibet
580 1103 713 1180 illorum,
737 1104 787 1185 qui
807 1104 845 1168 de
865 1106 1056 1173 mutilatione
1073 1114 1252 1189 queruntur,
1275 1107 1311 1169 de
1326 1125 1385 1169 nno

64 1197 164 1276 ’666666
178 1213 259 1259 6666
277 1200 482 1276 quererentur.
513 1192 556 1254 Et
571 1212 637 1273 ego,
653 1194 703 1274 qni
717 1200 854 1259 nostram
863 1196 1034 1278 opinionem
1050 1190 1136 1277 (dum
1149 1203 1291 1278 putamus
1304 1188 1387 1260 1607

64 1285 241 1350 anativitate
258 1282 402 1364 compleri
417 1283 517 1345 ltturo
532 1276 708 1364 Decembri)
731 1302 824 1365 arguo
841 1284 1046 1369 quinquennii,
1066 1285 1246 1368 Dionysium
1259 1276 1388 1367 arguere

65 1375 139 1438 debeo
155 1372 303 1448 sexennii,
319 1371 389 1456 quia
404 1370 430 1435 16
441 1370 528 1435 nobie
538 1391 599 1435 666
614 1370 924 1438 animadvertentibus
933 1375 1061 1457 6666616,
1077 1375 1224 1456 superiori
1238 1373 1289 1440 ab.
1298 1373 1385 1440 Mar·

65 1465 89 1529 tii
105 1464 271 1544 completos
295 1481 363 1524 esse
388 1460 472 1525 1606
488 1483 508 1524 6
523 1461 734 1542 conceptione,
756 1465 951 1546 complendos
973 1463 1389 1528 166666261166666610661

10 1624 11 1627 Ἴ
65 1553 252 1617 saturitate.
270 1550 394 1614 -Sed
409 1550 485 1613 6666
500 1568 646 1614 annornm
661 1570 776 1615 summa
792 1554 884 1617 etiam
900 1573 955 1636 per
976 1553 1245 1633 dissimulationem
1259 1560 1389 1636 accepte

66 1644 91 1705 de
108 1642 272 1706 nativitate
293 1641 430 1720 arguitur
452 1641 563 1725 erroris
592 1640 689 1704 tribus
712 1640 823 1706 modis:
841 1650 844 1662 '
861 1644 956 1725 primo
979 1663 1074 1708 auuus
1102 1642 1283 1707 161166611
1305 1661 1388 1710 more

64 1733 182 1796 Romano
206 1731 382 1795 extenditur
406 1751 426 1792 a
448 1728 513 1796 Cel.
534 1731 604 1793 Jau.
627 1724 772 1795 666173.
816 1732 898 1798 Nam
917 1734 1032 1817 primae
1054 1752 1151 1799 annus
1170 1732 1282 1796 Tiberii
1303 1751 1388 1797 more

65 1822 181 1897 Romano
205 1840 269 1884 nou
291 1820 350 1883 1616
373 1818 491 1901 longior
515 1810 575 1902 27,
603 1819 773 1883 mensibus:
806 1824 945 1886 consules
975 1823 1053 1886 enim
1080 1822 1246 1886 terminant
1269 1840 1389 1888 anuum.

0 1975 1 1978 ,
65 1912 142 1992 161666
163 1929 244 1973 anno
267 1904 319 1973 73.
339 1909 476 1972 0666666
505 1908 607 1990 666616
629 1909 806 1990 6666166663ι
830 1931 909 1974 6666
931 1913 1024 1994 igitur
1046 1906 1097 1975 73.
1120 1911 1243 1976 61166.
1262 1911 1312 1975 661
1335 1904 1392 1992 74.

66 1998 86 2063 6.
92 2001 153 2063 166.
169 1999 313 2065 Christus
329 1998 387 2062 1616
400 1997 583 2080 baptisatus.
627 1998 713 2064 Unus
728 1998 820 2080 igitur
836 1994 931 2064 annus
952 2009 1001 2064 666
1017 2001 1230 2083 deprehensns.
1268 1999 1387 2068 Deinde

66 2097 166 2153 veteres
187 2088 428 2152 111663066666
445 2086 631 2169 0661661666
648 2089 806 2171 completis
828 2091 890 2153 1666
914 2091 1117 2172 accipiebant:
1142 2091 1228 2154 aufer
1249 2090 1328 2153 306
1344 2082 1386 2154 73

66 2187 89 2242 66
100 2175 152 2254 74,
175 2197 248 2259 ergo
265 2196 344 2241 anno
360 2171 412 2243 73.
428 2178 505 2240 Nov.
528 2171 644 2241 66174.
663 2177 734 2263 066
750 2177 891 2243 Christus
913 2180 1048 2244 habebat
1070 2181 1132 2243 1666
1148 2179 1191 2243 30
1206 2199 1322 2255 66666,
1344 2178 1388 2244 616

64 2269 139 2350 ique
159 2276 251 2332 66666
274 2273 359 2331 66666
377 2267 500 2330 1611666
523 2267 574 2330 43.
596 2268 766 2332 Decembri.
803 2267 858 2333 Sic
878 2270 957 2333 alter
978 2289 1075 2333 annus
1099 2269 1305 2350 deprehensus
1330 2274 1387 2332 eat

65 2358 217 2424 1116661661
238 2377 312 2439 vero
333 2356 479 2438 reliquum
502 2357 736 2437 deprehenditur
756 2358 813 2420 sic:
842 2360 1042 2423 certissimum
1064 2368 1128 2432 666,
1149 2358 1303 2422 Herodem
1317 2376 1386 2421 essa

1 2524 3 2532 Α
64 2457 197 2513 mortuum
214 2448 338 2520 Juliano
358 2446 418 2519 42.
429 2453 504 2509 6666
519 2445 642 2527 pascha
686 2447 769 2529 Ergo
792 2446 934 2512 christus
950 2457 1097 2512 6666666
1113 2446 1387 2530 41.,'utSualyga

63 2538 188 2614 6616666
202 2557 283 2602 anno
298 2536 351 2599 40.
366 2543 401 2599 66
416 2555 486 2617 ego,
508 2535 559 2598 25.
569 2535 643 2600 Dec.
659 2544 829 2611 natusest,
851 2546 885 2600 66
898 2557 1039 2601 numerus
1053 2538 1089 2601 B.
1104 2537 1214 2611 Lucae,
1230 2531 1387 2600 6166616666

61 2651 200 2708 66666666
221 2633 348 2691 666666
368 2625 504 2706 66666166
526 2625 585 2698 30,
607 2625 662 2687 660
683 2625 726 2688 32
749 2627 797 2690 661
819 2626 861 2690 33
884 2628 956 2691 1666.
999 2628 1165 2692 Numerum
1187 2625 1266 2689 enim
1287 2643 1384 2707 augeo

3 2740 4 2744 ¹
61 2717 150 2781 codem
159 2718 238 2800 jure,
254 2735 312 2799 quo
328 2715 494 2796 Dionysius
509 2714 607 2796 ipsum
622 2715 824 2779 mutilaverat

131 2807 255 2872 Earonii
278 2812 450 2887 computum
472 2823 528 2884 ego
549 2823 610 2866 non
633 2804 776 2887 expendi,
801 2806 933 2872 61116666
956 2813 1058 2869 tamen
1081 2802 1265 2879 Decianus,
1290 2802 1384 2868 etiam

58 2896 129 2960 illum
142 2896 252 2960 alicubi
268 2895 368 2988 subito
390 2894 422 2957 in
437 2893 582 2974 epocham
597 2892 816 2974 Dionysianam
839 2895 1008 2971 transilire,
1031 2915 1097 2958 cum
1111 2894 1194 2977 priua
1211 2894 1250 2957 ab
1266 2910 1302 2954 eo
1319 2892 1384 2954 dia·

57 2987 201 3050 6666616666
231 2986 374 3065 Deauno
389 2983 547 3046 Passionis
562 3002 629 3045 cum
644 2982 799 3047 obsiderer
815 2985 1000 3060 eDeclrerio‚
1015 2991 1124 3066 pactus
1141 3001 1206 3046 snm
1220 2999 1385 3064 paucorum

56 3076 160 3138 dierum
174 3075 324 3148 inducias,
339 3074 421 3136 intra
436 3092 524 3154 quos,
546 3072 571 3136 61
586 3073 668 3135 66116
682 3071 754 3137 mihi
770 3074 904 3138 subsidia
918 3074 1111 3143 mitterentur
1126 3095 1146 3135 6
1162 3070 1281 3138 Graeco
1296 3077 1385 3133 textu

54 3165 215 3248 66166660,
232 3164 415 3226 deditionem
430 3161 546 3226 faciam.
569 3163 770 3227 Nihilominus
778 3161 1261 3246 EpiphaniocoutraDeckerium
1276 3179 1386 3223 66666-

55 3255 107 3318 tior
127 3256 164 3317 de
185 3254 306 3317 biennio
330 3260 362 3316 et
378 3253 544 3335 quadrante
565 3252 800 3334 praedicationis
816 3252 940 3319 0661661.
963 3292 964 3296 =
984 3252 1165 3327 causaest,
1188 3250 1258 3332 quia
1272 3248 1387 3313 Tiberii

57 3336 296 3426 161661616666
310 3337 742 3406 6666061166161166173.
788 3340 944 3415 Quomodo
961 3360 1033 3423 ergo
1053 3343 1134 3405 fama
1148 3338 1386 3422 praedicationis
1505 3360 1507 3363 ·

54 3435 172 3498 ioannis
196 3434 279 3496 intra
310 3431 500 3516 quatriduum
528 3431 697 3494 excitasset
718 3431 874 3496 Judaeum
898 3440 930 3495 et
955 3431 1110 3496 Christum
1139 3431 1179 3494 ad
1202 3424 1402 3513 baptismum*

55 3523 160 3588 6166.
183 3523 317 3604 eJ'usdem
340 3521 428 3585 anui?
456 3521 538 3603 Ergo
562 3520 703 3587 Christus
723 3521 896 3604 baptisatus
919 3530 968 3585 est
989 3530 1043 3584 aut
1063 3521 1141 3587 Nov.
1168 3511 1311 3583 666173.
1333 3513 1388 3582 666

54 3612 192 3678 ianuario
208 3612 278 3677 anui
296 3607 351 3676 74:
374 3631 484 3693 passus
509 3630 587 3675 auno
611 3606 661 3675 76.
676 3611 789 3674 Tiberii
806 3610 855 3675 18.
894 3610 971 3675 Cum
983 3610 1092 3674 Jaucbi
1109 3608 1227 3691 0666111
1242 3607 1386 3688 11666666

55 3705 168 3785 saepius
185 3724 204 3766 a
218 3701 391 3783 bibliopolis
405 3701 571 3781 petiissem,
586 3701 717 3763 nondum
732 3708 834 3763 tamen
850 3701 1016 3773 dederuntz,
1034 3708 1149 3781 negent
1161 3697 1299 3761 inveniri.

53 3824 55 3827 v
134 3794 183 3856 De
197 3791 347 3855 anilaeis
361 3790 508 3873 perplexa
523 3790 594 3852 mihi
609 3790 729 3853 videtur
744 3788 918 3872 0166666616.
961 3790 1042 3855 Nam
1058 3788 1246 3853 concinnitas
1268 3794 1300 3850 et
1313 3805 1388 3869 pro·

55 3878 183 3964 6666167
206 3890 239 3944 66
260 3881 302 3945 49
326 3888 358 3944 66
381 3879 547 3944 6666661666
563 3879 755 3946 rabbinorum
776 3878 939 3944 66166649
964 3899 1032 3948 esse
1046 3879 1225 3944 Jubilaeum.
1271 3874 1389 3942 Contra

55 3980 152 4036 textus
166 3971 241 4034 666.
257 3970 309 4034 26.
341 3964 376 4051 l)
392 3969 528 4033 nominat
543 3969 594 4034 60.
610 3970 690 4034 61666
705 3969 872 4051 septimam
902 3968 978 4034 (inm
992 3988 1066 4050 ergo
1081 3968 1228 4050 septimus
1243 3964 1286 4028 sit
1301 3965 1387 4028 elau-

55 4063 123 4137 aula,
139 4061 312 4125 66166660.
357 4054 393 4141 2)
411 4059 499 4123 Sicut
513 4059 602 4123 dicit:
618 4059 638 4123 6
655 4076 749 4122 66666
766 4078 863 4135 66666,
876 4058 922 4121 ita
939 4059 1025 4123 dicit:
1040 4057 1210 4121 numerabis
1226 4053 1268 4118 49
1285 4071 1388 4119 66666

53 4152 112 4216 11116
129 4151 243 4214 solidos
258 4150 279 4214 6
294 4143 452 4230 intelligit3
478 4169 530 4213 cur
544 4170 605 4213 non
619 4149 711 4230 igitur
732 4156 764 4212 et
777 4149 827 4212 hic
849 4149 961 4212 solidos
981 4148 1044 4215 49?
1080 4141 1117 4230 3)
1140 4146 1188 4211 116
1202 4164 1280 4207 6666
1296 4162 1388 4227 6666-

54 4241 182 4324 6161666
198 4248 320 4304 seratur
334 4248 426 4304 terra.
455 4240 542 4302 Atei
558 4248 607 4302 666
629 4237 686 4314 49,
708 4258 763 4321 666
782 4258 815 4301 66
833 4246 881 4301 666
896 4237 1115 4313 Sabbathicua,
1136 4256 1193 4300 uso
1208 4252 1283 4315 6666
1299 4251 1389 4315 repen

52 4332 155 4396 titione
171 4330 336 4394 interdicti.
366 4324 516 4411 416666
531 4336 671 4393 naturam
685 4329 800 4392 numeri
814 4328 866 4403 60,
884 4328 947 4392 100
963 4328 1015 4392 iac.
1044 4328 1151 4410 Itaque
1166 4331 1256 4407 6666,
1278 4323 1304 4386 61
1318 4339 1395 4386 vere

54 4420 101 4486 60.
116 4420 358 4495 1616166116666,
372 4419 599 4501 perambulasse
614 4418 835 4481 hebdomadem
851 4437 1004 4482 annorum.
1046 4418 1127 4480 Nem
1146 4414 1241 4481 habet
1256 4411 1391 4489 traditio,
1484 4419 1487 4436 '

52 4511 254 4574 continuatam
264 4529 322 4573 uec
333 4509 509 4590 interrumpi
520 4509 642 4572 solitam
652 4508 729 4571 anno
740 4506 791 4571 60.
817 4505 929 4591 Cyclus
941 4508 1034 4589 igitur
1048 4507 1142 4569 oritur
1158 4522 1303 4571 annorum
1318 4502 1392 4575 360.

137 4596 226 4673 Quod
241 4598 579 4679 611666666116619,
594 4619 621 4660 v.
638 4597 690 4673 29,
705 4596 855 4660 imbecille
870 4605 928 4662 666.
963 4597 1055 4662 Auno
1071 4594 1275 4676 expeditionis
1287 4593 1393 4677 Assy-

51 4690 285 4771 u'acaejubetur
297 4688 449 4753 Ezechias
471 4688 627 4752 comedere
649 4687 841 4751 conculcata:
865 4687 936 4771 quia
957 4687 1056 4752 666616
1071 4703 1187 4748 messes
1202 4691 1392 4761 vastaverat

50 4800 126 4850 6666
140 4788 288 4865 sequente
305 4778 427 4844 dmum
438 4778 571 4843 innuitur
585 4776 777 4843 Sabbathum
793 4782 903 4842 terrae.
