<?xml version="1.0" encoding="UTF-8"?>
<!DOCTYPE html PUBLIC "-//W3C//DTD XHTML 1.0 Transitional//EN"
    "http://www.w3.org/TR/xhtml1/DTD/xhtml1-transitional.dtd">
<html xmlns="http://www.w3.org/1999/xhtml" xml:lang="en" lang="en">
 <head>
  <title>
</title>
<meta http-equiv="Content-Type" content="text/html;charset=utf-8" />
  <meta name='ocr-system' content='tesseract 3.04.00' />
  <meta name='ocr-capabilities' content='ocr_page ocr_carea ocr_par ocr_line ocrx_word'/>
</head>
<body>
  <div class='ocr_page' id='page_1' title='image "./joanniskepleria13frisgoog_0582.png"; bbox 0 0 3142 5482; ppageno 0'>
   <div class='ocr_carea' id='block_1_1' title="bbox 496 219 1338 294">
    <p class='ocr_par' dir='ltr' id='par_1_1' title="bbox 496 219 1338 294">
     <span class='ocr_line' id='line_1_1' title="bbox 496 219 1338 294; baseline 0 -19"><span class='ocrx_word' id='word_1_1' title='bbox 496 222 673 275; x_wconf 75' lang='lat' dir='ltr'><strong>Sterecmstds</strong></span> <span class='ocrx_word' id='word_1_2' title='bbox 691 219 865 276; x_wconf 69' lang='lat' dir='ltr'><strong>archimedes</strong></span> <span class='ocrx_word' id='word_1_3' title='bbox 1276 229 1338 294; x_wconf 67' lang='lat'><strong>559</strong></span> 
     </span>
    </p>
   </div>
   <div class='ocr_carea' id='block_1_2' title="bbox 22 392 1339 575">
    <p class='ocr_par' dir='ltr' id='par_1_2' title="bbox 22 392 1339 575">
     <span class='ocr_line' id='line_1_2' title="bbox 111 392 1338 484; baseline 0.006 -22"><span class='ocrx_word' id='word_1_4' title='bbox 111 392 199 480; x_wconf 83' lang='lat' dir='ltr'><strong>Ergo</strong></span> <span class='ocrx_word' id='word_1_5' title='bbox 209 415 288 466; x_wconf 86' lang='lat' dir='ltr'><strong>arsa</strong></span> <span class='ocrx_word' id='word_1_6' title='bbox 300 393 425 480; x_wconf 86' lang='lat' dir='ltr'><strong>ellipsis</strong></span> <span class='ocrx_word' id='word_1_7' title='bbox 433 396 491 465; x_wconf 81' lang='grc' dir='ltr'><strong>ΝΑ</strong></span> <span class='ocrx_word' id='word_1_8' title='bbox 502 396 546 463; x_wconf 87' lang='lat' dir='ltr'><strong>ad</strong></span> <span class='ocrx_word' id='word_1_9' title='bbox 559 416 670 465; x_wconf 84' lang='lat' dir='ltr'><strong>arsam</strong></span> <span class='ocrx_word' id='word_1_10' title='bbox 684 397 793 464; x_wconf 78' lang='lat' dir='ltr'><strong>drculi</strong></span> <span class='ocrx_word' id='word_1_11' title='bbox 803 395 859 469; x_wconf 85' lang='grc' dir='ltr'><strong>ΝΥ</strong></span> <span class='ocrx_word' id='word_1_12' title='bbox 870 403 920 467; x_wconf 87' lang='lat' dir='ltr'><strong>est</strong></span> <span class='ocrx_word' id='word_1_13' title='bbox 935 398 1150 484; x_wconf 77' lang='lat' dir='ltr'><strong>proportionis</strong></span> <span class='ocrx_word' id='word_1_14' title='bbox 1163 399 1338 469; x_wconf 88' lang='lat' dir='ltr'><strong>solidorum</strong></span> 
     </span>
     <span class='ocr_line' id='line_1_3' title="bbox 22 479 1339 575; baseline 0.008 -27"><span class='ocrx_word' id='word_1_15' title='bbox 22 479 111 567; x_wconf 79' lang='lat' dir='ltr'><strong>GNA</strong></span> <span class='ocrx_word' id='word_1_16' title='bbox 133 485 181 551; x_wconf 88' lang='lat' dir='ltr'><strong>ad</strong></span> <span class='ocrx_word' id='word_1_17' title='bbox 199 484 283 550; x_wconf 88' lang='lat' dir='ltr'><strong>GNY</strong></span> <span class='ocrx_word' id='word_1_18' title='bbox 305 506 382 569; x_wconf 89' lang='lat' dir='ltr'><strong>pars</strong></span> <span class='ocrx_word' id='word_1_19' title='bbox 405 507 479 552; x_wconf 84' lang='lat' dir='ltr'><strong>una.</strong></span> <span class='ocrx_word' id='word_1_20' title='bbox 523 487 611 552; x_wconf 88' lang='lat' dir='ltr'><strong>Inest</strong></span> <span class='ocrx_word' id='word_1_21' title='bbox 632 494 739 553; x_wconf 89' lang='lat' dir='ltr'><strong>autem</strong></span> <span class='ocrx_word' id='word_1_22' title='bbox 764 486 878 551; x_wconf 89' lang='lat' dir='ltr'><strong>harum</strong></span> <span class='ocrx_word' id='word_1_23' title='bbox 901 508 1050 553; x_wconf 90' lang='lat' dir='ltr'><strong>arearum</strong></span> <span class='ocrx_word' id='word_1_24' title='bbox 1080 490 1244 573; x_wconf 76' lang='lat' dir='ltr'><strong>proportio</strong></span> <span class='ocrx_word' id='word_1_25' title='bbox 1263 492 1339 575; x_wconf 88' lang='lat' dir='ltr'><strong>(per</strong></span> 
     </span>
    </p>
   </div>
   <div class='ocr_carea' id='block_1_3' title="bbox 22 573 1416 663">
    <p class='ocr_par' dir='ltr' id='par_1_3' title="bbox 22 573 1416 663">
     <span class='ocr_line' id='line_1_4' title="bbox 22 573 1416 663; baseline 0.008 -27"><span class='ocrx_word' id='word_1_26' title='bbox 22 573 239 656; x_wconf 63' lang='lat' dir='ltr'><strong>episagmata</strong></span> <span class='ocrx_word' id='word_1_27' title='bbox 262 573 305 659; x_wconf 83' lang='lat' dir='ltr'><strong>ad</strong></span> <span class='ocrx_word' id='word_1_28' title='bbox 328 575 372 640; x_wconf 89' lang='lat' dir='ltr'><strong>th.</strong></span> <span class='ocrx_word' id='word_1_29' title='bbox 395 573 452 656; x_wconf 87' lang='lat' dir='ltr'><strong>ll.)</strong></span> <span class='ocrx_word' id='word_1_30' title='bbox 474 575 511 640; x_wconf 89' lang='lat' dir='ltr'><strong>in</strong></span> <span class='ocrx_word' id='word_1_31' title='bbox 530 575 717 659; x_wconf 75' lang='lat' dir='ltr'><strong>rectangulo</strong></span> <span class='ocrx_word' id='word_1_32' title='bbox 734 574 965 655; x_wconf 12' lang='lat' dir='ltr'><strong>,diametrorum</strong></span> <span class='ocrx_word' id='word_1_33' title='bbox 986 576 1104 660; x_wconf 76' lang='lat' dir='ltr'><strong>ellipsis</strong></span> <span class='ocrx_word' id='word_1_34' title='bbox 1123 585 1156 644; x_wconf 91' lang='lat' dir='ltr'><strong>et</strong></span> <span class='ocrx_word' id='word_1_35' title='bbox 1177 580 1338 663; x_wconf 86' lang='lat' dir='ltr'><strong>quadrato</strong></span> <span class='ocrx_word' id='word_1_36' title='bbox 1413 607 1416 610; x_wconf 50' lang='lat'><strong>⁴</strong></span> 
     </span>
    </p>
   </div>
   <div class='ocr_carea' id='block_1_4' title="bbox 22 658 1339 1192">
    <p class='ocr_par' dir='ltr' id='par_1_4' title="bbox 22 658 1339 1192">
     <span class='ocr_line' id='line_1_5' title="bbox 22 658 1338 751; baseline 0.006 -27"><span class='ocrx_word' id='word_1_37' title='bbox 22 658 89 740; x_wconf 86' lang='lat' dir='ltr'><strong>NY,</strong></span> <span class='ocrx_word' id='word_1_38' title='bbox 116 668 273 745; x_wconf 88' lang='lat' dir='ltr'><strong>tanquam</strong></span> <span class='ocrx_word' id='word_1_39' title='bbox 297 662 484 735; x_wconf 77' lang='lat' dir='ltr'><strong>notioribus.</strong></span> <span class='ocrx_word' id='word_1_40' title='bbox 529 664 610 737; x_wconf 85' lang='lat' dir='ltr'><strong>Pars</strong></span> <span class='ocrx_word' id='word_1_41' title='bbox 631 665 734 730; x_wconf 88' lang='lat' dir='ltr'><strong>altera</strong></span> <span class='ocrx_word' id='word_1_42' title='bbox 756 664 969 747; x_wconf 76' lang='lat' dir='ltr'><strong>proportionis</strong></span> <span class='ocrx_word' id='word_1_43' title='bbox 992 686 1163 751; x_wconf 89' lang='lat' dir='ltr'><strong>corporum</strong></span> <span class='ocrx_word' id='word_1_44' title='bbox 1185 675 1233 734; x_wconf 86' lang='lat' dir='ltr'><strong>est</strong></span> <span class='ocrx_word' id='word_1_45' title='bbox 1253 669 1338 739; x_wconf 83' lang='lat' dir='ltr'><strong>iuter</strong></span> 
     </span>
     <span class='ocr_line' id='line_1_6' title="bbox 22 748 1338 838; baseline 0.002 -19"><span class='ocrx_word' id='word_1_46' title='bbox 22 748 87 829; x_wconf 69' lang='grc' dir='ltr'><strong>ΗΖ,</strong></span> <span class='ocrx_word' id='word_1_47' title='bbox 111 751 309 825; x_wconf 75' lang='lat' dir='ltr'><strong>altitudinem</strong></span> <span class='ocrx_word' id='word_1_48' title='bbox 330 753 483 836; x_wconf 74' lang='lat' dir='ltr'><strong>segmenti</strong></span> <span class='ocrx_word' id='word_1_49' title='bbox 505 751 591 837; x_wconf 82' lang='lat' dir='ltr'><strong>GNA</strong></span> <span class='ocrx_word' id='word_1_50' title='bbox 612 773 709 838; x_wconf 88' lang='lat' dir='ltr'><strong>super</strong></span> <span class='ocrx_word' id='word_1_51' title='bbox 724 752 821 838; x_wconf 82' lang='lat' dir='ltr'><strong>plano</strong></span> <span class='ocrx_word' id='word_1_52' title='bbox 836 752 903 832; x_wconf 89' lang='grc' dir='ltr'><strong>ΝΥ,</strong></span> <span class='ocrx_word' id='word_1_53' title='bbox 921 761 954 819; x_wconf 90' lang='lat' dir='ltr'><strong>et</strong></span> <span class='ocrx_word' id='word_1_54' title='bbox 970 755 1035 834; x_wconf 91' lang='lat' dir='ltr'><strong>GB,</strong></span> <span class='ocrx_word' id='word_1_55' title='bbox 1050 755 1251 823; x_wconf 80' lang='lat' dir='ltr'><strong>altitudinem</strong></span> <span class='ocrx_word' id='word_1_56' title='bbox 1266 757 1338 822; x_wconf 91' lang='lat' dir='ltr'><strong>coni</strong></span> 
     </span>
     <span class='ocr_line' id='line_1_7' title="bbox 22 836 1337 928; baseline 0.008 -25"><span class='ocrx_word' id='word_1_57' title='bbox 22 836 111 904; x_wconf 81' lang='lat' dir='ltr'><strong>NGY</strong></span> <span class='ocrx_word' id='word_1_58' title='bbox 123 852 221 922; x_wconf 87' lang='lat' dir='ltr'><strong>super</strong></span> <span class='ocrx_word' id='word_1_59' title='bbox 232 841 328 926; x_wconf 87' lang='lat' dir='ltr'><strong>plano</strong></span> <span class='ocrx_word' id='word_1_60' title='bbox 341 841 410 907; x_wconf 86' lang='lat' dir='ltr'><strong>NY.</strong></span> <span class='ocrx_word' id='word_1_61' title='bbox 433 842 652 926; x_wconf 80' lang='lat' dir='ltr'><strong>Multiplicutis</strong></span> <span class='ocrx_word' id='word_1_62' title='bbox 668 841 763 926; x_wconf 86' lang='lat' dir='ltr'><strong>igitur</strong></span> <span class='ocrx_word' id='word_1_63' title='bbox 777 842 810 906; x_wconf 89' lang='lat' dir='ltr'><strong>in</strong></span> <span class='ocrx_word' id='word_1_64' title='bbox 821 861 868 906; x_wconf 91' lang='lat' dir='ltr'><strong>se</strong></span> <span class='ocrx_word' id='word_1_65' title='bbox 877 848 990 919; x_wconf 89' lang='lat' dir='ltr'><strong>mutuo</strong></span> <span class='ocrx_word' id='word_1_66' title='bbox 1002 841 1147 910; x_wconf 85' lang='lat' dir='ltr'><strong>terminis</strong></span> <span class='ocrx_word' id='word_1_67' title='bbox 1158 846 1337 928; x_wconf 87' lang='lat' dir='ltr'><strong>proportio·</strong></span> 
     </span>
     <span class='ocr_line' id='line_1_8' title="bbox 22 927 1339 1015; baseline 0.006 -25"><span class='ocrx_word' id='word_1_68' title='bbox 22 947 100 991; x_wconf 88' lang='lat' dir='ltr'><strong>num</strong></span> <span class='ocrx_word' id='word_1_69' title='bbox 125 927 180 993; x_wconf 85' lang='lat' dir='ltr'><strong>ZG</strong></span> <span class='ocrx_word' id='word_1_70' title='bbox 201 929 234 993; x_wconf 90' lang='lat' dir='ltr'><strong>in</strong></span> <span class='ocrx_word' id='word_1_71' title='bbox 252 930 322 1010; x_wconf 67' lang='grc' dir='ltr'><strong>ΝΒ,</strong></span> <span class='ocrx_word' id='word_1_72' title='bbox 343 937 380 1004; x_wconf 68' lang='lat' dir='ltr'><strong>‚et</strong></span> <span class='ocrx_word' id='word_1_73' title='bbox 401 931 592 1014; x_wconf 84' lang='lat' dir='ltr'><strong>rectangulo</strong></span> <span class='ocrx_word' id='word_1_74' title='bbox 611 929 837 997; x_wconf 77' lang='lat' dir='ltr'><strong>diametrorum</strong></span> <span class='ocrx_word' id='word_1_75' title='bbox 859 929 980 1014; x_wconf 86' lang='lat' dir='ltr'><strong>ellipsis</strong></span> <span class='ocrx_word' id='word_1_76' title='bbox 1007 931 1065 1003; x_wconf 79' lang='grc' dir='ltr'><strong>ΝΑ</strong></span> <span class='ocrx_word' id='word_1_77' title='bbox 1088 932 1122 996; x_wconf 86' lang='lat' dir='ltr'><strong>in</strong></span> <span class='ocrx_word' id='word_1_78' title='bbox 1144 933 1339 1015; x_wconf 84' lang='lat' dir='ltr'><strong>quadratum</strong></span> 
     </span>
     <span class='ocr_line' id='line_1_9' title="bbox 22 1007 1338 1105; baseline 0.005 -26"><span class='ocrx_word' id='word_1_79' title='bbox 22 1007 95 1080; x_wconf 82' lang='lat' dir='ltr'><strong>NY:</strong></span> <span class='ocrx_word' id='word_1_80' title='bbox 122 1022 162 1081; x_wconf 81' lang='lat' dir='ltr'><strong>ut</strong></span> <span class='ocrx_word' id='word_1_81' title='bbox 183 1019 342 1100; x_wconf 83' lang='lat' dir='ltr'><strong>posterior</strong></span> <span class='ocrx_word' id='word_1_82' title='bbox 363 1019 467 1086; x_wconf 81' lang='lat' dir='ltr'><strong>factus</strong></span> <span class='ocrx_word' id='word_1_83' title='bbox 490 1019 533 1086; x_wconf 88' lang='lat' dir='ltr'><strong>ad</strong></span> <span class='ocrx_word' id='word_1_84' title='bbox 547 1021 702 1105; x_wconf 88' lang='lat' dir='ltr'><strong>priorem,</strong></span> <span class='ocrx_word' id='word_1_85' title='bbox 720 1019 766 1099; x_wconf 83' lang='lat' dir='ltr'><strong>sic</strong></span> <span class='ocrx_word' id='word_1_86' title='bbox 780 1021 830 1083; x_wconf 90' lang='lat' dir='ltr'><strong>est</strong></span> <span class='ocrx_word' id='word_1_87' title='bbox 848 1038 962 1103; x_wconf 82' lang='lat' dir='ltr'><strong>corpus</strong></span> <span class='ocrx_word' id='word_1_88' title='bbox 979 1021 1050 1085; x_wconf 85' lang='lat' dir='ltr'><strong>coni</strong></span> <span class='ocrx_word' id='word_1_89' title='bbox 1064 1018 1148 1085; x_wconf 85' lang='lat' dir='ltr'><strong>NGY</strong></span> <span class='ocrx_word' id='word_1_90' title='bbox 1165 1021 1207 1092; x_wconf 84' lang='lat' dir='ltr'><strong>ed</strong></span> <span class='ocrx_word' id='word_1_91' title='bbox 1222 1040 1338 1105; x_wconf 89' lang='lat' dir='ltr'><strong>corpus</strong></span> 
     </span>
     <span class='ocr_line' id='line_1_10' title="bbox 22 1103 1339 1192; baseline 0.005 -22"><span class='ocrx_word' id='word_1_92' title='bbox 22 1106 175 1186; x_wconf 79' lang='lat' dir='ltr'><strong>segmenti</strong></span> <span class='ocrx_word' id='word_1_93' title='bbox 190 1103 285 1173; x_wconf 78' lang='lat' dir='ltr'><strong>GNA.</strong></span> <span class='ocrx_word' id='word_1_94' title='bbox 320 1107 431 1174; x_wconf 87' lang='lat' dir='ltr'><strong>Potest</strong></span> <span class='ocrx_word' id='word_1_95' title='bbox 444 1109 540 1176; x_wconf 83' lang='lat' dir='ltr'><strong>etiam</strong></span> <span class='ocrx_word' id='word_1_96' title='bbox 555 1108 703 1192; x_wconf 90' lang='lat' dir='ltr'><strong>quodque</strong></span> <span class='ocrx_word' id='word_1_97' title='bbox 723 1107 854 1173; x_wconf 83' lang='lat' dir='ltr'><strong>seorsim</strong></span> <span class='ocrx_word' id='word_1_98' title='bbox 870 1109 1057 1190; x_wconf 86' lang='lat' dir='ltr'><strong>computari,</strong></span> <span class='ocrx_word' id='word_1_99' title='bbox 1068 1115 1111 1173; x_wconf 90' lang='lat' dir='ltr'><strong>ut</strong></span> <span class='ocrx_word' id='word_1_100' title='bbox 1128 1107 1224 1188; x_wconf 85' lang='lat' dir='ltr'><strong>GNA,</strong></span> <span class='ocrx_word' id='word_1_101' title='bbox 1241 1110 1339 1178; x_wconf 90' lang='lat' dir='ltr'><strong>ducta</strong></span> 
     </span>
    </p>
   </div>
   <div class='ocr_carea' id='block_1_5' title="bbox 22 1194 1375 1282">
    <p class='ocr_par' dir='ltr' id='par_1_5' title="bbox 22 1194 1375 1282">
     <span class='ocr_line' id='line_1_11' title="bbox 22 1194 1375 1282; baseline 0.001 -22"><span class='ocrx_word' id='word_1_102' title='bbox 22 1194 189 1264; x_wconf 67' lang='lat' dir='ltr'><strong>altitudine</strong></span> <span class='ocrx_word' id='word_1_103' title='bbox 211 1194 262 1260; x_wconf 88' lang='lat' dir='ltr'><strong>GZ</strong></span> <span class='ocrx_word' id='word_1_104' title='bbox 284 1195 318 1261; x_wconf 92' lang='lat' dir='ltr'><strong>in</strong></span> <span class='ocrx_word' id='word_1_105' title='bbox 339 1197 471 1280; x_wconf 88' lang='lat' dir='ltr'><strong>planum</strong></span> <span class='ocrx_word' id='word_1_106' title='bbox 493 1198 612 1282; x_wconf 84' lang='lat' dir='ltr'><strong>ellipsis</strong></span> <span class='ocrx_word' id='word_1_107' title='bbox 634 1199 701 1276; x_wconf 85' lang='grc' dir='ltr'><strong>ΝΑ,</strong></span> <span class='ocrx_word' id='word_1_108' title='bbox 725 1194 834 1281; x_wconf 86' lang='lat' dir='ltr'><strong>prodit</strong></span> <span class='ocrx_word' id='word_1_109' title='bbox 855 1197 988 1279; x_wconf 90' lang='lat' dir='ltr'><strong>triplum</strong></span> <span class='ocrx_word' id='word_1_110' title='bbox 1004 1197 1152 1281; x_wconf 87' lang='lat' dir='ltr'><strong>corporis</strong></span> <span class='ocrx_word' id='word_1_111' title='bbox 1175 1197 1271 1265; x_wconf 77' lang='lat' dir='ltr'><strong>GNA.</strong></span> <span class='ocrx_word' id='word_1_112' title='bbox 1296 1240 1300 1255; x_wconf 57' lang='lat'><strong>,</strong></span> <span class='ocrx_word' id='word_1_113' title='bbox 1331 1253 1333 1256; x_wconf 93' lang='lat'>.</span> <span class='ocrx_word' id='word_1_114' title='bbox 1372 1233 1375 1239; x_wconf 94' lang='lat'>·</span> 
     </span>
    </p>
   </div>
   <div class='ocr_carea' id='block_1_6' title="bbox 82 1283 1339 1371">
    <p class='ocr_par' dir='ltr' id='par_1_6' title="bbox 82 1283 1339 1371">
     <span class='ocr_line' id='line_1_12' title="bbox 82 1283 1339 1371; baseline 0.002 -23"><span class='ocrx_word' id='word_1_115' title='bbox 82 1348 84 1353; x_wconf 84' lang='grc'>,</span> <span class='ocrx_word' id='word_1_116' title='bbox 110 1283 149 1348; x_wconf 90' lang='lat' dir='ltr'><strong>ln</strong></span> <span class='ocrx_word' id='word_1_117' title='bbox 171 1284 287 1367; x_wconf 87' lang='lat' dir='ltr'><strong>specie,</strong></span> <span class='ocrx_word' id='word_1_118' title='bbox 311 1286 339 1351; x_wconf 87' lang='lat' dir='ltr'><strong>si</strong></span> <span class='ocrx_word' id='word_1_119' title='bbox 355 1286 486 1371; x_wconf 88' lang='lat' dir='ltr'><strong>planum</strong></span> <span class='ocrx_word' id='word_1_120' title='bbox 501 1304 612 1353; x_wconf 86' lang='lat' dir='ltr'><strong>secans</strong></span> <span class='ocrx_word' id='word_1_121' title='bbox 627 1285 821 1371; x_wconf 77' lang='lat' dir='ltr'><strong>parallelum</strong></span> <span class='ocrx_word' id='word_1_122' title='bbox 835 1286 933 1349; x_wconf 79' lang='lat' dir='ltr'><strong>tuerit</strong></span> <span class='ocrx_word' id='word_1_123' title='bbox 950 1283 1018 1351; x_wconf 89' lang='lat' dir='ltr'><strong>basi</strong></span> <span class='ocrx_word' id='word_1_124' title='bbox 1038 1285 1065 1349; x_wconf 89' lang='lat' dir='ltr'>N</span> <span class='ocrx_word' id='word_1_125' title='bbox 1071 1285 1109 1350; x_wconf 88' lang='lat' dir='ltr'><strong>Y:</strong></span> <span class='ocrx_word' id='word_1_126' title='bbox 1133 1286 1339 1371; x_wconf 85' lang='lat' dir='ltr'><strong>proportio</strong></span> 
     </span>
    </p>
   </div>
   <div class='ocr_carea' id='block_1_7' title="bbox 22 1372 1398 1458">
    <p class='ocr_par' dir='ltr' id='par_1_7' title="bbox 22 1372 1398 1458">
     <span class='ocr_line' id='line_1_13' title="bbox 22 1372 1398 1458; baseline 0.006 -25"><span class='ocrx_word' id='word_1_127' title='bbox 22 1390 235 1456; x_wconf 89' lang='lat' dir='ltr'><strong>corporum,</strong></span> <span class='ocrx_word' id='word_1_128' title='bbox 260 1376 445 1456; x_wconf 77' lang='lat' dir='ltr'><strong>segmenti</strong></span> <span class='ocrx_word' id='word_1_129' title='bbox 467 1381 505 1440; x_wconf 83' lang='lat' dir='ltr'><strong>st</strong></span> <span class='ocrx_word' id='word_1_130' title='bbox 525 1375 664 1454; x_wconf 88' lang='lat' dir='ltr'><strong>totius,</strong></span> <span class='ocrx_word' id='word_1_131' title='bbox 689 1374 765 1440; x_wconf 90' lang='lat' dir='ltr'><strong>erit</strong></span> <span class='ocrx_word' id='word_1_132' title='bbox 780 1373 980 1458; x_wconf 83' lang='lat' dir='ltr'><strong>triplicata</strong></span> <span class='ocrx_word' id='word_1_133' title='bbox 1001 1372 1253 1445; x_wconf 86' lang='lat' dir='ltr'><strong>altitudinum</strong></span> <span class='ocrx_word' id='word_1_134' title='bbox 1276 1374 1338 1441; x_wconf 82' lang='lat' dir='ltr'><strong>sel</strong></span> <span class='ocrx_word' id='word_1_135' title='bbox 1396 1379 1398 1388; x_wconf 59' lang='lat'><strong>⁴</strong></span> 
     </span>
    </p>
   </div>
   <div class='ocr_carea' id='block_1_8' title="bbox 22 1459 1339 1991">
    <p class='ocr_par' dir='ltr' id='par_1_8' title="bbox 22 1459 1339 1991">
     <span class='ocr_line' id='line_1_14' title="bbox 22 1459 1337 1547; baseline 0.004 -24"><span class='ocrx_word' id='word_1_136' title='bbox 22 1460 219 1526; x_wconf 84' lang='lat' dir='ltr'><strong>radiorum</strong></span> <span class='ocrx_word' id='word_1_137' title='bbox 234 1459 443 1529; x_wconf 86' lang='lat' dir='ltr'><strong>iubasibus</strong></span> <span class='ocrx_word' id='word_1_138' title='bbox 466 1462 734 1544; x_wconf 90' lang='lat' dir='ltr'><strong>circularibus,</strong></span> <span class='ocrx_word' id='word_1_139' title='bbox 759 1462 818 1528; x_wconf 81' lang='lat' dir='ltr'><strong>vel</strong></span> <span class='ocrx_word' id='word_1_140' title='bbox 832 1462 1101 1546; x_wconf 72' lang='lat' dir='ltr'><strong>vsescuplicata</strong></span> <span class='ocrx_word' id='word_1_141' title='bbox 1123 1460 1337 1547; x_wconf 85' lang='lat' dir='ltr'><strong>planorum.</strong></span> 
     </span>
     <span class='ocr_line' id='line_1_15' title="bbox 111 1545 1339 1643; baseline 0.002 -29"><span class='ocrx_word' id='word_1_142' title='bbox 111 1547 276 1630; x_wconf 86' lang='lat' dir='ltr'><strong>Nimirum,</strong></span> <span class='ocrx_word' id='word_1_143' title='bbox 300 1551 461 1636; x_wconf 87' lang='lat' dir='ltr'><strong>quiahoc</strong></span> <span class='ocrx_word' id='word_1_144' title='bbox 482 1557 576 1637; x_wconf 84' lang='lat' dir='ltr'><strong>pacto</strong></span> <span class='ocrx_word' id='word_1_145' title='bbox 591 1556 788 1638; x_wconf 82' lang='lat' dir='ltr'><strong>segmentum</strong></span> <span class='ocrx_word' id='word_1_146' title='bbox 802 1545 952 1617; x_wconf 80' lang='lat' dir='ltr'><strong>verticale</strong></span> <span class='ocrx_word' id='word_1_147' title='bbox 973 1557 1004 1617; x_wconf 90' lang='lat' dir='ltr'><strong>et</strong></span> <span class='ocrx_word' id='word_1_148' title='bbox 1026 1568 1121 1627; x_wconf 82' lang='lat' dir='ltr'><strong>conus</strong></span> <span class='ocrx_word' id='word_1_149' title='bbox 1142 1558 1232 1643; x_wconf 79' lang='lat' dir='ltr'><strong>totus</strong></span> <span class='ocrx_word' id='word_1_150' title='bbox 1254 1552 1339 1616; x_wconf 88' lang='lat' dir='ltr'><strong>fiunt</strong></span> 
     </span>
     <span class='ocr_line' id='line_1_16' title="bbox 22 1634 1337 1726; baseline 0.005 -27"><span class='ocrx_word' id='word_1_151' title='bbox 22 1634 125 1701; x_wconf 89' lang='lat' dir='ltr'><strong>solida</strong></span> <span class='ocrx_word' id='word_1_152' title='bbox 154 1639 536 1726; x_wconf 73' lang='lat' dir='ltr'><strong>armna,mu1tiplicctis</strong></span> <span class='ocrx_word' id='word_1_153' title='bbox 564 1642 662 1726; x_wconf 84' lang='lat' dir='ltr'><strong>igitur</strong></span> <span class='ocrx_word' id='word_1_154' title='bbox 693 1639 805 1707; x_wconf 70' lang='lat' dir='ltr'><strong>cubita¹</strong></span> <span class='ocrx_word' id='word_1_155' title='bbox 833 1639 964 1723; x_wconf 86' lang='lat' dir='ltr'><strong>singulis</strong></span> <span class='ocrx_word' id='word_1_156' title='bbox 986 1641 1125 1719; x_wconf 74' lang='lat' dir='ltr'><strong>seorsim,</strong></span> <span class='ocrx_word' id='word_1_157' title='bbox 1157 1639 1206 1706; x_wconf 86' lang='lat' dir='ltr'><strong>vel</strong></span> <span class='ocrx_word' id='word_1_158' title='bbox 1226 1641 1337 1724; x_wconf 62' lang='lat' dir='ltr'><strong>saltite-¹</strong></span> 
     </span>
     <span class='ocr_line' id='line_1_17' title="bbox 22 1720 1338 1813; baseline 0.005 -25"><span class='ocrx_word' id='word_1_159' title='bbox 22 1723 151 1790; x_wconf 87' lang='lat' dir='ltr'><strong>dinibus</strong></span> <span class='ocrx_word' id='word_1_160' title='bbox 167 1725 222 1808; x_wconf 75' lang='lat' dir='ltr'><strong>¹vel</strong></span> <span class='ocrx_word' id='word_1_161' title='bbox 243 1726 343 1795; x_wconf 86' lang='lat' dir='ltr'><strong>radiis</strong></span> <span class='ocrx_word' id='word_1_162' title='bbox 366 1720 498 1811; x_wconf 84' lang='lat' dir='ltr'><strong>basium,</strong></span> <span class='ocrx_word' id='word_1_163' title='bbox 524 1726 647 1813; x_wconf 70' lang='lat' dir='ltr'><strong>enitet</strong></span> <span class='ocrx_word' id='word_1_164' title='bbox 661 1749 811 1803; x_wconf 86' lang='lat' dir='ltr'><strong>numerus</strong></span> <span class='ocrx_word' id='word_1_165' title='bbox 833 1728 963 1794; x_wconf 89' lang='lat' dir='ltr'><strong>cubicus</strong></span> <span class='ocrx_word' id='word_1_166' title='bbox 984 1731 1088 1813; x_wconf 83' lang='lat' dir='ltr'><strong>major</strong></span> <span class='ocrx_word' id='word_1_167' title='bbox 1110 1720 1158 1792; x_wconf 88' lang='lat' dir='ltr'><strong>ad</strong></span> <span class='ocrx_word' id='word_1_168' title='bbox 1174 1729 1338 1810; x_wconf 88' lang='lat' dir='ltr'><strong>minorem,</strong></span> 
     </span>
     <span class='ocr_line' id='line_1_18' title="bbox 22 1812 1338 1904; baseline 0 -21"><span class='ocrx_word' id='word_1_169' title='bbox 22 1812 65 1877; x_wconf 68' lang='lat' dir='ltr'><strong>uic</strong></span> <span class='ocrx_word' id='word_1_170' title='bbox 80 1834 188 1894; x_wconf 24' lang='lat' dir='ltr'><strong>,conus</strong></span> <span class='ocrx_word' id='word_1_171' title='bbox 209 1822 297 1882; x_wconf 85' lang='lat' dir='ltr'><strong>totus</strong></span> <span class='ocrx_word' id='word_1_172' title='bbox 320 1818 362 1886; x_wconf 89' lang='lat' dir='ltr'><strong>ad</strong></span> <span class='ocrx_word' id='word_1_173' title='bbox 383 1826 587 1904; x_wconf 82' lang='lat' dir='ltr'><strong>segmentum.</strong></span> <span class='ocrx_word' id='word_1_174' title='bbox 632 1821 699 1885; x_wconf 86' lang='lat' dir='ltr'><strong>Aut</strong></span> <span class='ocrx_word' id='word_1_175' title='bbox 720 1817 748 1882; x_wconf 90' lang='lat' dir='ltr'><strong>si</strong></span> <span class='ocrx_word' id='word_1_176' title='bbox 768 1817 838 1883; x_wconf 89' lang='lat' dir='ltr'><strong>sola</strong></span> <span class='ocrx_word' id='word_1_177' title='bbox 859 1817 957 1901; x_wconf 84' lang='lat' dir='ltr'><strong>plana</strong></span> <span class='ocrx_word' id='word_1_178' title='bbox 979 1816 1099 1883; x_wconf 89' lang='lat' dir='ltr'><strong>baseon</strong></span> <span class='ocrx_word' id='word_1_179' title='bbox 1121 1824 1198 1883; x_wconf 90' lang='lat' dir='ltr'><strong>nota</strong></span> <span class='ocrx_word' id='word_1_180' title='bbox 1217 1825 1338 1899; x_wconf 23' lang='lat' dir='ltr'><strong>,essent</strong></span> 
     </span>
     <span class='ocr_line' id='line_1_19' title="bbox 22 1904 1264 1991; baseline 0.002 -22"><span class='ocrx_word' id='word_1_181' title='bbox 22 1908 223 1983; x_wconf 79' lang='lat' dir='ltr'><strong>quaeruntur</strong></span> <span class='ocrx_word' id='word_1_182' title='bbox 243 1904 372 1972; x_wconf 89' lang='lat' dir='ltr'><strong>illorum</strong></span> <span class='ocrx_word' id='word_1_183' title='bbox 392 1909 518 1974; x_wconf 75' lang='lat' dir='ltr'><strong>radices</strong></span> <span class='ocrx_word' id='word_1_184' title='bbox 540 1905 856 1991; x_wconf 86' lang='lat' dir='ltr'><strong>multiplicanturque</strong></span> <span class='ocrx_word' id='word_1_185' title='bbox 877 1906 910 1971; x_wconf 91' lang='lat' dir='ltr'><strong>in</strong></span> <span class='ocrx_word' id='word_1_186' title='bbox 933 1905 998 1971; x_wconf 90' lang='lat' dir='ltr'><strong>illa.</strong></span> <span class='ocrx_word' id='word_1_187' title='bbox 1263 1920 1264 1923; x_wconf 75' lang='grc'>’</span> 
     </span>
    </p>
   </div>
   <div class='ocr_carea' id='block_1_9' title="bbox 110 1969 1424 2079">
    <p class='ocr_par' dir='ltr' id='par_1_9' title="bbox 110 1969 1424 2079">
     <span class='ocr_line' id='line_1_20' title="bbox 110 1969 1424 2079; baseline 0.002 -23"><span class='ocrx_word' id='word_1_188' title='bbox 110 1989 204 2068; x_wconf 83' lang='lat' dir='ltr'><strong>Quod</strong></span> <span class='ocrx_word' id='word_1_189' title='bbox 226 1999 392 2063; x_wconf 90' lang='lat' dir='ltr'><strong>truncos.</strong></span> <span class='ocrx_word' id='word_1_190' title='bbox 407 1999 529 2078; x_wconf 79' lang='lat' dir='ltr'><strong>attinet,</strong></span> <span class='ocrx_word' id='word_1_191' title='bbox 552 1996 654 2065; x_wconf 82' lang='lat' dir='ltr'><strong>facilis</strong></span> <span class='ocrx_word' id='word_1_192' title='bbox 671 2002 727 2060; x_wconf 76' lang='lat' dir='ltr'><strong>&#39;est</strong></span> <span class='ocrx_word' id='word_1_193' title='bbox 749 2015 789 2075; x_wconf 83' lang='lat' dir='ltr'><strong>ex</strong></span> <span class='ocrx_word' id='word_1_194' title='bbox 810 1993 902 2072; x_wconf 84' lang='lat' dir='ltr'><strong>dictis</strong></span> <span class='ocrx_word' id='word_1_195' title='bbox 923 1994 996 2062; x_wconf 91' lang='lat' dir='ltr'><strong>illos</strong></span> <span class='ocrx_word' id='word_1_196' title='bbox 1011 1992 1193 2079; x_wconf 88' lang='lat' dir='ltr'><strong>inquirendi</strong></span> <span class='ocrx_word' id='word_1_197' title='bbox 1214 1969 1337 2060; x_wconf 88' lang='lat' dir='ltr'><strong>metho-</strong></span> <span class='ocrx_word' id='word_1_198' title='bbox 1423 2013 1424 2016; x_wconf 45' lang='lat'>¹</span> 
     </span>
    </p>
   </div>
   <div class='ocr_carea' id='block_1_10' title="bbox 22 2075 1339 3321">
    <p class='ocr_par' dir='ltr' id='par_1_10' title="bbox 22 2075 1339 3321">
     <span class='ocr_line' id='line_1_21' title="bbox 22 2075 1338 2171; baseline 0.005 -28"><span class='ocrx_word' id='word_1_199' title='bbox 22 2075 93 2158; x_wconf 79' lang='lat' dir='ltr'><strong>dus.</strong></span> <span class='ocrx_word' id='word_1_200' title='bbox 139 2080 188 2145; x_wconf 83' lang='lat' dir='ltr'><strong>Ex</strong></span> <span class='ocrx_word' id='word_1_201' title='bbox 201 2104 276 2159; x_wconf 55' lang='lat' dir='ltr'><strong>&gt;uno</strong></span> <span class='ocrx_word' id='word_1_202' title='bbox 298 2084 383 2162; x_wconf 80' lang='lat' dir='ltr'><strong>enim</strong></span> <span class='ocrx_word' id='word_1_203' title='bbox 395 2085 560 2166; x_wconf 84' lang='lat' dir='ltr'><strong>modorum</strong></span> <span class='ocrx_word' id='word_1_204' title='bbox 574 2085 824 2171; x_wconf 85' lang='lat' dir='ltr'><strong>praemissorum</strong></span> <span class='ocrx_word' id='word_1_205' title='bbox 841 2085 1044 2167; x_wconf 81' lang='lat' dir='ltr'><strong>computatur</strong></span> <span class='ocrx_word' id='word_1_206' title='bbox 1066 2089 1099 2148; x_wconf 90' lang='lat' dir='ltr'><strong>et</strong></span> <span class='ocrx_word' id='word_1_207' title='bbox 1121 2103 1218 2149; x_wconf 89' lang='lat' dir='ltr'><strong>conus</strong></span> <span class='ocrx_word' id='word_1_208' title='bbox 1241 2082 1338 2149; x_wconf 81' lang='lat' dir='ltr'><strong>soluti</strong></span> 
     </span>
     <span class='ocr_line' id='line_1_22' title="bbox 22 2166 1338 2254; baseline 0.006 -24"><span class='ocrx_word' id='word_1_209' title='bbox 22 2174 112 2232; x_wconf 87' lang='lat' dir='ltr'><strong>totus</strong></span> <span class='ocrx_word' id='word_1_210' title='bbox 134 2176 166 2234; x_wconf 88' lang='lat' dir='ltr'><strong>et</strong></span> <span class='ocrx_word' id='word_1_211' title='bbox 187 2180 382 2254; x_wconf 85' lang='lat' dir='ltr'><strong>segmentum</strong></span> <span class='ocrx_word' id='word_1_212' title='bbox 403 2175 555 2245; x_wconf 74' lang='lat' dir='ltr'><strong>verucale</strong></span> <span class='ocrx_word' id='word_1_213' title='bbox 567 2173 733 2252; x_wconf 80' lang='lat' dir='ltr'><strong>deficiens,</strong></span> <span class='ocrx_word' id='word_1_214' title='bbox 757 2192 796 2247; x_wconf 84' lang='lat' dir='ltr'><strong>ex</strong></span> <span class='ocrx_word' id='word_1_215' title='bbox 817 2171 896 2246; x_wconf 81' lang='lat' dir='ltr'><strong>data</strong></span> <span class='ocrx_word' id='word_1_216' title='bbox 917 2172 966 2239; x_wconf 83' lang='lat' dir='ltr'><strong>sel</strong></span> <span class='ocrx_word' id='word_1_217' title='bbox 989 2166 1157 2238; x_wconf 80' lang='lat' dir='ltr'><strong>altitudine</strong></span> <span class='ocrx_word' id='word_1_218' title='bbox 1180 2172 1229 2238; x_wconf 81' lang='lat' dir='ltr'><strong>sel</strong></span> <span class='ocrx_word' id='word_1_219' title='bbox 1251 2171 1338 2241; x_wconf 86' lang='lat' dir='ltr'><strong>basis</strong></span> 
     </span>
     <span class='ocr_line' id='line_1_23' title="bbox 22 2254 1337 2351; baseline 0.003 -30"><span class='ocrx_word' id='word_1_220' title='bbox 22 2256 123 2322; x_wconf 86' lang='lat' dir='ltr'><strong>radio.</strong></span> <span class='ocrx_word' id='word_1_221' title='bbox 177 2256 296 2335; x_wconf 83' lang='lat' dir='ltr'><strong>Quodsi</strong></span> <span class='ocrx_word' id='word_1_222' title='bbox 326 2264 468 2331; x_wconf 90' lang='lat' dir='ltr'><strong>nescitur</strong></span> <span class='ocrx_word' id='word_1_223' title='bbox 498 2267 583 2351; x_wconf 82' lang='lat' dir='ltr'><strong>ejus,</strong></span> <span class='ocrx_word' id='word_1_224' title='bbox 617 2269 655 2335; x_wconf 91' lang='lat' dir='ltr'><strong>ut</strong></span> <span class='ocrx_word' id='word_1_225' title='bbox 681 2260 875 2341; x_wconf 87' lang='lat' dir='ltr'><strong>deficientis,</strong></span> <span class='ocrx_word' id='word_1_226' title='bbox 909 2254 1074 2340; x_wconf 83' lang='lat' dir='ltr'><strong>altitudo,-</strong></span> <span class='ocrx_word' id='word_1_227' title='bbox 1104 2260 1263 2344; x_wconf 86' lang='lat' dir='ltr'><strong>siquidem</strong></span> <span class='ocrx_word' id='word_1_228' title='bbox 1278 2266 1280 2269; x_wconf 79' lang='grc'>’</span> <span class='ocrx_word' id='word_1_229' title='bbox 1297 2281 1337 2325; x_wconf 90' lang='lat' dir='ltr'><strong>ea</strong></span> 
     </span>
     <span class='ocr_line' id='line_1_24' title="bbox 22 2345 1336 2437; baseline 0.005 -29"><span class='ocrx_word' id='word_1_230' title='bbox 22 2345 116 2410; x_wconf 77' lang='lat' dir='ltr'><strong>buerit</strong></span> <span class='ocrx_word' id='word_1_231' title='bbox 138 2367 229 2429; x_wconf 87' lang='lat' dir='ltr'><strong>opus,</strong></span> <span class='ocrx_word' id='word_1_232' title='bbox 252 2353 420 2433; x_wconf 84' lang='lat' dir='ltr'><strong>quaeritur</strong></span> <span class='ocrx_word' id='word_1_233' title='bbox 442 2373 481 2418; x_wconf 89' lang='lat' dir='ltr'><strong>ex</strong></span> <span class='ocrx_word' id='word_1_234' title='bbox 503 2351 741 2437; x_wconf 87' lang='lat' dir='ltr'><strong>comparatione</strong></span> <span class='ocrx_word' id='word_1_235' title='bbox 769 2348 892 2414; x_wconf 86' lang='lat' dir='ltr'><strong>basium</strong></span> <span class='ocrx_word' id='word_1_236' title='bbox 920 2351 1024 2415; x_wconf 90' lang='lat' dir='ltr'><strong>trunci</strong></span> <span class='ocrx_word' id='word_1_237' title='bbox 1053 2371 1123 2415; x_wconf 90' lang='lat' dir='ltr'><strong>cum</strong></span> <span class='ocrx_word' id='word_1_238' title='bbox 1138 2398 1139 2402; x_wconf 65' lang='lat'><strong>,</strong></span> <span class='ocrx_word' id='word_1_239' title='bbox 1155 2350 1336 2431; x_wconf 81' lang='lat' dir='ltr'><strong>altitudine3</strong></span> 
     </span>
     <span class='ocr_line' id='line_1_25' title="bbox 22 2436 1337 2523; baseline 0.005 -26"><span class='ocrx_word' id='word_1_240' title='bbox 22 2441 54 2499; x_wconf 90' lang='lat' dir='ltr'><strong>ut</strong></span> <span class='ocrx_word' id='word_1_241' title='bbox 79 2436 165 2500; x_wconf 90' lang='lat' dir='ltr'><strong>enim</strong></span> <span class='ocrx_word' id='word_1_242' title='bbox 186 2436 367 2505; x_wconf 84' lang='lat' dir='ltr'><strong>differentia</strong></span> <span class='ocrx_word' id='word_1_243' title='bbox 388 2442 553 2508; x_wconf 87' lang='lat' dir='ltr'><strong>radiorum</strong></span> <span class='ocrx_word' id='word_1_244' title='bbox 574 2443 607 2506; x_wconf 92' lang='lat' dir='ltr'><strong>iu</strong></span> <span class='ocrx_word' id='word_1_245' title='bbox 628 2439 759 2523; x_wconf 85' lang='lat' dir='ltr'><strong>basibus</strong></span> <span class='ocrx_word' id='word_1_246' title='bbox 781 2438 823 2503; x_wconf 87' lang='lat' dir='ltr'><strong>ad</strong></span> <span class='ocrx_word' id='word_1_247' title='bbox 840 2438 1040 2504; x_wconf 89' lang='lat' dir='ltr'><strong>altitudinem</strong></span> <span class='ocrx_word' id='word_1_248' title='bbox 1063 2440 1101 2522; x_wconf 88' lang='lat' dir='ltr'><strong>(si</strong></span> <span class='ocrx_word' id='word_1_249' title='bbox 1123 2447 1255 2511; x_wconf 76' lang='lat' dir='ltr'><strong>munaus</strong></span> <span class='ocrx_word' id='word_1_250' title='bbox 1277 2437 1337 2503; x_wconf 92' lang='lat' dir='ltr'><strong>sub</strong></span> 
     </span>
     <span class='ocr_line' id='line_1_26' title="bbox 22 2522 1338 2611; baseline 0.002 -22"><span class='ocrx_word' id='word_1_251' title='bbox 22 2522 122 2604; x_wconf 81' lang='lat' dir='ltr'><strong>planis</strong></span> <span class='ocrx_word' id='word_1_252' title='bbox 144 2527 461 2610; x_wconf 75' lang='lat' dir='ltr'><strong>perpendiculari-ibus</strong></span> <span class='ocrx_word' id='word_1_253' title='bbox 482 2529 601 2611; x_wconf 84' lang='lat' dir='ltr'><strong>fuerit),</strong></span> <span class='ocrx_word' id='word_1_254' title='bbox 625 2525 671 2594; x_wconf 86' lang='lat' dir='ltr'><strong>sic</strong></span> <span class='ocrx_word' id='word_1_255' title='bbox 686 2528 796 2593; x_wconf 88' lang='lat' dir='ltr'><strong>radius</strong></span> <span class='ocrx_word' id='word_1_256' title='bbox 817 2525 903 2592; x_wconf 89' lang='lat' dir='ltr'><strong>basis</strong></span> <span class='ocrx_word' id='word_1_257' title='bbox 926 2528 1056 2594; x_wconf 82' lang='lat' dir='ltr'><strong>minoris</strong></span> <span class='ocrx_word' id='word_1_258' title='bbox 1077 2527 1120 2592; x_wconf 87' lang='lat' dir='ltr'><strong>ed</strong></span> <span class='ocrx_word' id='word_1_259' title='bbox 1136 2526 1338 2592; x_wconf 87' lang='lat' dir='ltr'><strong>altitudinem</strong></span> 
     </span>
     <span class='ocr_line' id='line_1_27' title="bbox 22 2614 1339 2703; baseline 0.004 -28"><span class='ocrx_word' id='word_1_260' title='bbox 22 2614 174 2694; x_wconf 82' lang='lat' dir='ltr'><strong>segmenti</strong></span> <span class='ocrx_word' id='word_1_261' title='bbox 192 2614 389 2700; x_wconf 56' lang='lat' dir='ltr'><strong>deficientia</strong></span> <span class='ocrx_word' id='word_1_262' title='bbox 420 2618 530 2685; x_wconf 90' lang='lat' dir='ltr'><strong>ablato</strong></span> <span class='ocrx_word' id='word_1_263' title='bbox 552 2619 647 2703; x_wconf 85' lang='lat' dir='ltr'><strong>igitm</strong></span> <span class='ocrx_word' id='word_1_264' title='bbox 669 2637 806 2701; x_wconf 90' lang='lat' dir='ltr'><strong>corpore</strong></span> <span class='ocrx_word' id='word_1_265' title='bbox 834 2618 989 2701; x_wconf 85' lang='lat' dir='ltr'><strong>segmenti</strong></span> <span class='ocrx_word' id='word_1_266' title='bbox 1018 2615 1191 2682; x_wconf 85' lang='lat' dir='ltr'><strong>deficientis</strong></span> <span class='ocrx_word' id='word_1_267' title='bbox 1205 2634 1235 2685; x_wconf 81' lang='lat' dir='ltr'><strong>,a</strong></span> <span class='ocrx_word' id='word_1_268' title='bbox 1256 2633 1339 2695; x_wconf 80' lang='lat' dir='ltr'><strong>cuno</strong></span> 
     </span>
     <span class='ocr_line' id='line_1_28' title="bbox 22 2701 1236 2791; baseline 0.003 -25"><span class='ocrx_word' id='word_1_269' title='bbox 22 2701 311 2788; x_wconf 70' lang='lat' dir='ltr'><strong>toto‚srelinquitur</strong></span> <span class='ocrx_word' id='word_1_270' title='bbox 333 2726 454 2791; x_wconf 46' lang='lat' dir='ltr'><strong>corpus.</strong></span> <span class='ocrx_word' id='word_1_271' title='bbox 471 2708 577 2774; x_wconf 85' lang='lat' dir='ltr'><strong>trunci</strong></span> <span class='ocrx_word' id='word_1_272' title='bbox 600 2705 789 2790; x_wconf 82' lang='lat' dir='ltr'><strong>quaesitum.</strong></span> <span class='ocrx_word' id='word_1_273' title='bbox 1002 2740 1003 2744; x_wconf 60' lang='lat'><em>=</em></span> <span class='ocrx_word' id='word_1_274' title='bbox 1233 2788 1236 2790; x_wconf 11' lang='lat' dir='ltr'>q</span> 
     </span>
     <span class='ocr_line' id='line_1_29' title="bbox 24 2791 1337 2881; baseline 0.002 -26"><span class='ocrx_word' id='word_1_275' title='bbox 24 2812 33 2819; x_wconf 84' lang='lat'><strong>·</strong></span> <span class='ocrx_word' id='word_1_276' title='bbox 105 2791 145 2855; x_wconf 90' lang='lat' dir='ltr'><strong>ln</strong></span> <span class='ocrx_word' id='word_1_277' title='bbox 167 2792 304 2864; x_wconf 72' lang='lat' dir='ltr'><strong>hisnem</strong></span> <span class='ocrx_word' id='word_1_278' title='bbox 325 2796 457 2877; x_wconf 86' lang='lat' dir='ltr'><strong>truncis,</strong></span> <span class='ocrx_word' id='word_1_279' title='bbox 481 2796 537 2881; x_wconf 88' lang='lat' dir='ltr'><strong>qui</strong></span> <span class='ocrx_word' id='word_1_280' title='bbox 557 2794 618 2861; x_wconf 89' lang='lat' dir='ltr'><strong>sub</strong></span> <span class='ocrx_word' id='word_1_281' title='bbox 640 2792 805 2881; x_wconf 85' lang='lat' dir='ltr'><strong>parallelis</strong></span> <span class='ocrx_word' id='word_1_282' title='bbox 827 2792 958 2860; x_wconf 88' lang='lat' dir='ltr'><strong>basibus</strong></span> <span class='ocrx_word' id='word_1_283' title='bbox 974 2794 1185 2873; x_wconf 89' lang='lat' dir='ltr'><strong>continentur,</strong></span> <span class='ocrx_word' id='word_1_284' title='bbox 1209 2794 1337 2858; x_wconf 85' lang='lat' dir='ltr'><strong>rursum</strong></span> 
     </span>
     <span class='ocr_line' id='line_1_30' title="bbox 22 2877 1338 2972; baseline 0.002 -29"><span class='ocrx_word' id='word_1_285' title='bbox 22 2885 66 2943; x_wconf 78' lang='lat' dir='ltr'><strong>est</strong></span> <span class='ocrx_word' id='word_1_286' title='bbox 87 2877 214 2946; x_wconf 85' lang='lat' dir='ltr'><strong>brevior</strong></span> <span class='ocrx_word' id='word_1_287' title='bbox 243 2882 420 2972; x_wconf 85' lang='lat' dir='ltr'><strong>methodus,</strong></span> <span class='ocrx_word' id='word_1_288' title='bbox 454 2891 493 2951; x_wconf 92' lang='lat' dir='ltr'><strong>ut</strong></span> <span class='ocrx_word' id='word_1_289' title='bbox 513 2884 610 2970; x_wconf 90' lang='lat' dir='ltr'><strong>prins.</strong></span> <span class='ocrx_word' id='word_1_290' title='bbox 656 2883 738 2949; x_wconf 86' lang='lat' dir='ltr'><strong>Nam</strong></span> <span class='ocrx_word' id='word_1_291' title='bbox 771 2884 848 2966; x_wconf 83' lang='lat' dir='ltr'><strong>quia</strong></span> <span class='ocrx_word' id='word_1_292' title='bbox 877 2882 970 2948; x_wconf 87' lang='lat' dir='ltr'><strong>bases</strong></span> <span class='ocrx_word' id='word_1_293' title='bbox 1003 2883 1118 2956; x_wconf 88' lang='lat' dir='ltr'><strong>talium</strong></span> <span class='ocrx_word' id='word_1_294' title='bbox 1147 2890 1338 2947; x_wconf 90' lang='lat' dir='ltr'><strong>truncorum</strong></span> 
     </span>
     <span class='ocr_line' id='line_1_31' title="bbox 22 2964 1337 3063; baseline 0.002 -30"><span class='ocrx_word' id='word_1_295' title='bbox 22 2969 160 3063; x_wconf 49' lang='lat' dir='ltr'><strong>morari</strong></span> <span class='ocrx_word' id='word_1_296' title='bbox 182 2991 245 3035; x_wconf 88' lang='lat' dir='ltr'><strong>non</strong></span> <span class='ocrx_word' id='word_1_297' title='bbox 268 2966 546 3054; x_wconf 74' lang='lat' dir='ltr'><strong>possuntearum</strong></span> <span class='ocrx_word' id='word_1_298' title='bbox 569 2964 914 3054; x_wconf 55' lang='lat' dir='ltr'><strong>diametrisquaelibst</strong></span> <span class='ocrx_word' id='word_1_299' title='bbox 934 2972 968 3037; x_wconf 90' lang='lat' dir='ltr'><strong>in</strong></span> <span class='ocrx_word' id='word_1_300' title='bbox 984 2991 1018 3037; x_wconf 90' lang='lat' dir='ltr'><strong>se</strong></span> <span class='ocrx_word' id='word_1_301' title='bbox 1040 2972 1160 3056; x_wconf 84' lang='lat' dir='ltr'><strong>ipsam)</strong></span> <span class='ocrx_word' id='word_1_302' title='bbox 1185 2971 1337 3054; x_wconf 89' lang='lat' dir='ltr'><strong>multipli-</strong></span> 
     </span>
     <span class='ocr_line' id='line_1_32' title="bbox 22 3057 1336 3145; baseline 0.001 -20"><span class='ocrx_word' id='word_1_303' title='bbox 22 3063 133 3125; x_wconf 78' lang='lat' dir='ltr'><strong>cantur</strong></span> <span class='ocrx_word' id='word_1_304' title='bbox 156 3057 275 3140; x_wconf 82' lang='lat' dir='ltr'><strong>cubica,</strong></span> <span class='ocrx_word' id='word_1_305' title='bbox 291 3066 333 3125; x_wconf 77' lang='lat' dir='ltr'><strong>‘et</strong></span> <span class='ocrx_word' id='word_1_306' title='bbox 346 3059 457 3141; x_wconf 86' lang='lat' dir='ltr'><strong>ablato</strong></span> <span class='ocrx_word' id='word_1_307' title='bbox 481 3062 563 3129; x_wconf 83' lang='lat' dir='ltr'><strong>cubo</strong></span> <span class='ocrx_word' id='word_1_308' title='bbox 576 3060 690 3127; x_wconf 87' lang='lat' dir='ltr'><strong>minori</strong></span> <span class='ocrx_word' id='word_1_309' title='bbox 712 3080 732 3123; x_wconf 90' lang='lat' dir='ltr'><strong>a</strong></span> <span class='ocrx_word' id='word_1_310' title='bbox 746 3061 877 3145; x_wconf 86' lang='lat' dir='ltr'><strong>majore,</strong></span> <span class='ocrx_word' id='word_1_311' title='bbox 901 3060 964 3126; x_wconf 93' lang='lat' dir='ltr'><strong>erit</strong></span> <span class='ocrx_word' id='word_1_312' title='bbox 986 3066 1023 3127; x_wconf 84' lang='lat' dir='ltr'><strong>ut</strong></span> <span class='ocrx_word' id='word_1_313' title='bbox 1038 3061 1197 3126; x_wconf 80' lang='lat' dir='ltr'><strong>maximus</strong></span> <span class='ocrx_word' id='word_1_314' title='bbox 1212 3061 1255 3126; x_wconf 90' lang='lat' dir='ltr'><strong>ad</strong></span> <span class='ocrx_word' id='word_1_315' title='bbox 1277 3060 1336 3126; x_wconf 88' lang='lat' dir='ltr'><strong>dis·</strong></span> 
     </span>
     <span class='ocr_line' id='line_1_33' title="bbox 22 3142 1222 3231; baseline 0.003 -19"><span class='ocrx_word' id='word_1_316' title='bbox 22 3145 194 3227; x_wconf 87' lang='lat' dir='ltr'><strong>lerentiam,</strong></span> <span class='ocrx_word' id='word_1_317' title='bbox 216 3148 264 3212; x_wconf 86' lang='lat' dir='ltr'><strong>ita</strong></span> <span class='ocrx_word' id='word_1_318' title='bbox 285 3168 385 3214; x_wconf 90' lang='lat' dir='ltr'><strong>conus</strong></span> <span class='ocrx_word' id='word_1_319' title='bbox 406 3157 504 3227; x_wconf 77' lang='lat' dir='ltr'><strong>totus</strong></span> <span class='ocrx_word' id='word_1_320' title='bbox 517 3151 560 3231; x_wconf 89' lang='lat' dir='ltr'><strong>ad</strong></span> <span class='ocrx_word' id='word_1_321' title='bbox 581 3156 740 3215; x_wconf 88' lang='lat' dir='ltr'><strong>truncum.</strong></span> <span class='ocrx_word' id='word_1_322' title='bbox 1214 3142 1222 3158; x_wconf 69' lang='grc'><em>’</em></span> 
     </span>
     <span class='ocr_line' id='line_1_34' title="bbox 107 3234 1335 3321; baseline 0.002 -20"><span class='ocrx_word' id='word_1_323' title='bbox 107 3234 264 3306; x_wconf 80' lang='lat' dir='ltr'><strong>Clarius</strong></span> <span class='ocrx_word' id='word_1_324' title='bbox 288 3238 447 3321; x_wconf 60' lang='lat' dir='ltr'><strong>(anaema</strong></span> <span class='ocrx_word' id='word_1_325' title='bbox 464 3238 584 3316; x_wconf 74' lang='lat' dir='ltr'><strong>practica</strong></span> <span class='ocrx_word' id='word_1_326' title='bbox 607 3250 662 3302; x_wconf 71' lang='lat' dir='ltr'><strong>tit</strong></span> <span class='ocrx_word' id='word_1_327' title='bbox 681 3247 713 3304; x_wconf 76' lang='lat' dir='ltr'><strong>V.</strong></span> <span class='ocrx_word' id='word_1_328' title='bbox 731 3236 761 3319; x_wconf 84' lang='lat'><strong>8)</strong></span> <span class='ocrx_word' id='word_1_329' title='bbox 785 3237 885 3302; x_wconf 89' lang='lat' dir='ltr'><strong>alium</strong></span> <span class='ocrx_word' id='word_1_330' title='bbox 906 3237 999 3305; x_wconf 87' lang='lat' dir='ltr'><strong>docet</strong></span> <span class='ocrx_word' id='word_1_331' title='bbox 1026 3236 1164 3317; x_wconf 89' lang='lat' dir='ltr'><strong>modum,</strong></span> <span class='ocrx_word' id='word_1_332' title='bbox 1193 3235 1335 3319; x_wconf 86' lang='lat' dir='ltr'><strong>iugenio·</strong></span> 
     </span>
    </p>
   </div>
   <div class='ocr_carea' id='block_1_11' title="bbox 22 3325 1377 3409">
    <p class='ocr_par' dir='ltr' id='par_1_11' title="bbox 22 3325 1377 3409">
     <span class='ocr_line' id='line_1_35' title="bbox 22 3325 1377 3409; baseline 0.001 -19"><span class='ocrx_word' id='word_1_333' title='bbox 22 3325 296 3409; x_wconf 80' lang='lat' dir='ltr'><strong>siorem‘quidem,</strong></span> <span class='ocrx_word' id='word_1_334' title='bbox 319 3327 377 3393; x_wconf 90' lang='lat' dir='ltr'><strong>sed</strong></span> <span class='ocrx_word' id='word_1_335' title='bbox 399 3334 432 3392; x_wconf 89' lang='lat' dir='ltr'><strong>et</strong></span> <span class='ocrx_word' id='word_1_336' title='bbox 454 3328 670 3406; x_wconf 81' lang='lat' dir='ltr'><strong>difficiliorem,</strong></span> <span class='ocrx_word' id='word_1_337' title='bbox 694 3336 732 3393; x_wconf 94' lang='lat' dir='ltr'><strong>ut</strong></span> <span class='ocrx_word' id='word_1_338' title='bbox 753 3327 829 3392; x_wconf 87' lang='lat' dir='ltr'><strong>milri</strong></span> <span class='ocrx_word' id='word_1_339' title='bbox 852 3326 987 3395; x_wconf 83' lang='lat' dir='ltr'><strong>videtur.</strong></span> <span class='ocrx_word' id='word_1_340' title='bbox 1032 3327 1104 3391; x_wconf 90' lang='lat' dir='ltr'><strong>Non</strong></span> <span class='ocrx_word' id='word_1_341' title='bbox 1126 3327 1231 3390; x_wconf 89' lang='lat' dir='ltr'><strong>minus</strong></span> <span class='ocrx_word' id='word_1_342' title='bbox 1255 3326 1338 3391; x_wconf 87' lang='lat' dir='ltr'><strong>enim</strong></span> <span class='ocrx_word' id='word_1_343' title='bbox 1366 3381 1377 3407; x_wconf 73' lang='grc'><strong>,</strong></span> 
     </span>
    </p>
   </div>
   <div class='ocr_carea' id='block_1_12' title="bbox 22 3406 1338 3765">
    <p class='ocr_par' dir='ltr' id='par_1_12' title="bbox 22 3406 1338 3765">
     <span class='ocr_line' id='line_1_36' title="bbox 22 3406 1338 3500; baseline 0.001 -23"><span class='ocrx_word' id='word_1_344' title='bbox 22 3419 119 3495; x_wconf 73' lang='lat' dir='ltr'><strong>poam</strong></span> <span class='ocrx_word' id='word_1_345' title='bbox 142 3433 243 3498; x_wconf 88' lang='lat' dir='ltr'><strong>supra</strong></span> <span class='ocrx_word' id='word_1_346' title='bbox 265 3414 482 3500; x_wconf 84' lang='lat' dir='ltr'><strong>computanda</strong></span> <span class='ocrx_word' id='word_1_347' title='bbox 505 3424 555 3490; x_wconf 85' lang='lat' dir='ltr'><strong>cst</strong></span> <span class='ocrx_word' id='word_1_348' title='bbox 570 3438 648 3482; x_wconf 89' lang='lat' dir='ltr'><strong>area</strong></span> <span class='ocrx_word' id='word_1_349' title='bbox 670 3414 962 3498; x_wconf 71' lang='lat' dir='ltr'><strong>basis&#39;utrius&#39;que;</strong></span> <span class='ocrx_word' id='word_1_350' title='bbox 986 3419 1104 3500; x_wconf 87' lang='lat' dir='ltr'><strong>etjam</strong></span> <span class='ocrx_word' id='word_1_351' title='bbox 1125 3415 1186 3480; x_wconf 92' lang='lat' dir='ltr'><strong>hoc</strong></span> <span class='ocrx_word' id='word_1_352' title='bbox 1207 3406 1338 3499; x_wconf 81' lang='lat' dir='ltr'><strong>insuper</strong></span> 
     </span>
     <span class='ocr_line' id='line_1_37' title="bbox 22 3500 1338 3589; baseline 0.002 -23"><span class='ocrx_word' id='word_1_353' title='bbox 22 3501 155 3579; x_wconf 85' lang='lat' dir='ltr'><strong>accedit,</strong></span> <span class='ocrx_word' id='word_1_354' title='bbox 171 3503 258 3584; x_wconf 90' lang='lat' dir='ltr'><strong>quod</strong></span> <span class='ocrx_word' id='word_1_355' title='bbox 273 3500 460 3587; x_wconf 78' lang='lat' dir='ltr'><strong>quaerenda</strong></span> <span class='ocrx_word' id='word_1_356' title='bbox 482 3512 531 3574; x_wconf 85' lang='lat' dir='ltr'><strong>est</strong></span> <span class='ocrx_word' id='word_1_357' title='bbox 546 3526 623 3571; x_wconf 91' lang='lat' dir='ltr'><strong>area</strong></span> <span class='ocrx_word' id='word_1_358' title='bbox 634 3506 739 3572; x_wconf 89' lang='lat' dir='ltr'><strong>medio</strong></span> <span class='ocrx_word' id='word_1_359' title='bbox 754 3505 824 3571; x_wconf 89' lang='lat' dir='ltr'><strong>loco</strong></span> <span class='ocrx_word' id='word_1_360' title='bbox 840 3506 1085 3589; x_wconf 86' lang='lat' dir='ltr'><strong>proportionalis</strong></span> <span class='ocrx_word' id='word_1_361' title='bbox 1100 3506 1184 3569; x_wconf 91' lang='lat' dir='ltr'><strong>inter</strong></span> <span class='ocrx_word' id='word_1_362' title='bbox 1206 3504 1338 3588; x_wconf 85' lang='lat' dir='ltr'><strong>planum</strong></span> 
     </span>
     <span class='ocr_line' id='line_1_38' title="bbox 22 3590 1337 3676; baseline 0.002 -22"><span class='ocrx_word' id='word_1_363' title='bbox 22 3592 192 3672; x_wconf 86' lang='lat' dir='ltr'><strong>utriusque</strong></span> <span class='ocrx_word' id='word_1_364' title='bbox 211 3590 307 3656; x_wconf 90' lang='lat' dir='ltr'><strong>basis.</strong></span> <span class='ocrx_word' id='word_1_365' title='bbox 353 3592 393 3658; x_wconf 92' lang='lat' dir='ltr'><strong>ld</strong></span> <span class='ocrx_word' id='word_1_366' title='bbox 414 3600 522 3659; x_wconf 87' lang='lat' dir='ltr'><strong>autem</strong></span> <span class='ocrx_word' id='word_1_367' title='bbox 542 3594 581 3659; x_wconf 80' lang='lat' dir='ltr'><strong>tt</strong></span> <span class='ocrx_word' id='word_1_368' title='bbox 602 3590 652 3659; x_wconf 82' lang='lat' dir='ltr'><strong>sel</strong></span> <span class='ocrx_word' id='word_1_369' title='bbox 674 3593 992 3676; x_wconf 80' lang='lat' dir='ltr'><strong>multiplicatione-et</strong></span> <span class='ocrx_word' id='word_1_370' title='bbox 1014 3594 1167 3659; x_wconf 80' lang='lat' dir='ltr'><strong>divisione</strong></span> <span class='ocrx_word' id='word_1_371' title='bbox 1185 3613 1337 3657; x_wconf 84' lang='lat' dir='ltr'><strong>numero-</strong></span> 
     </span>
     <span class='ocr_line' id='line_1_39' title="bbox 22 3677 1336 3765; baseline 0.001 -22"><span class='ocrx_word' id='word_1_372' title='bbox 22 3700 91 3743; x_wconf 83' lang='lat' dir='ltr'><strong>rum</strong></span> <span class='ocrx_word' id='word_1_373' title='bbox 113 3678 323 3762; x_wconf 77' lang='lat' dir='ltr'><strong>prolixorum</strong></span> <span class='ocrx_word' id='word_1_374' title='bbox 346 3683 397 3747; x_wconf 84' lang='lat' dir='ltr'><strong>vel</strong></span> <span class='ocrx_word' id='word_1_375' title='bbox 411 3681 547 3762; x_wconf 76' lang='lat' dir='ltr'><strong>duabus¹</strong></span> <span class='ocrx_word' id='word_1_376' title='bbox 562 3682 811 3748; x_wconf 84' lang='lat' dir='ltr'><strong>extractionibus</strong></span> <span class='ocrx_word' id='word_1_377' title='bbox 830 3677 972 3747; x_wconf 88' lang='lat' dir='ltr'><strong>radicum</strong></span> <span class='ocrx_word' id='word_1_378' title='bbox 987 3703 1162 3765; x_wconf 86' lang='lat' dir='ltr'><strong>earumque</strong></span> <span class='ocrx_word' id='word_1_379' title='bbox 1184 3680 1336 3764; x_wconf 90' lang='lat' dir='ltr'><strong>multipli-</strong></span> 
     </span>
    </p>
   </div>
   <div class='ocr_carea' id='block_1_13' title="bbox 22 3763 1412 3857">
    <p class='ocr_par' dir='ltr' id='par_1_13' title="bbox 22 3763 1412 3857">
     <span class='ocr_line' id='line_1_40' title="bbox 22 3763 1412 3857; baseline 0 -24"><span class='ocrx_word' id='word_1_380' title='bbox 22 3768 157 3833; x_wconf 74' lang='lat' dir='ltr'><strong>actione:</strong></span> <span class='ocrx_word' id='word_1_381' title='bbox 180 3770 423 3836; x_wconf 86' lang='lat' dir='ltr'><strong>tuuc&#39;addenda</strong></span> <span class='ocrx_word' id='word_1_382' title='bbox 434 3773 539 3837; x_wconf 92' lang='lat' dir='ltr'><strong>omnia</strong></span> <span class='ocrx_word' id='word_1_383' title='bbox 550 3773 614 3837; x_wconf 88' lang='lat' dir='ltr'><strong>tria</strong></span> <span class='ocrx_word' id='word_1_384' title='bbox 632 3771 737 3857; x_wconf 85' lang='lat' dir='ltr'><strong>plana</strong></span> <span class='ocrx_word' id='word_1_385' title='bbox 744 3777 776 3836; x_wconf 93' lang='lat' dir='ltr'><strong>et</strong></span> <span class='ocrx_word' id='word_1_386' title='bbox 787 3763 911 3835; x_wconf 80' lang='lat' dir='ltr'><strong>sumum</strong></span> <span class='ocrx_word' id='word_1_387' title='bbox 931 3772 966 3836; x_wconf 92' lang='lat' dir='ltr'><strong>in</strong></span> <span class='ocrx_word' id='word_1_388' title='bbox 987 3772 1135 3836; x_wconf 78' lang='lat' dir='ltr'><strong>trientem</strong></span> <span class='ocrx_word' id='word_1_389' title='bbox 1157 3769 1337 3836; x_wconf 82' lang='lat' dir='ltr'><strong>altitudinis</strong></span> <span class='ocrx_word' id='word_1_390' title='bbox 1411 3790 1412 3795; x_wconf 47' lang='lat'>¹</span> 
     </span>
    </p>
   </div>
   <div class='ocr_carea' id='block_1_14' title="bbox 22 3852 1338 4300">
    <p class='ocr_par' dir='ltr' id='par_1_14' title="bbox 22 3852 1338 4300">
     <span class='ocr_line' id='line_1_41' title="bbox 22 3852 1338 3949; baseline 0.001 -27"><span class='ocrx_word' id='word_1_391' title='bbox 22 3857 124 3922; x_wconf 65' lang='lat' dir='ltr'><strong>trunci</strong></span> <span class='ocrx_word' id='word_1_392' title='bbox 154 3852 420 3941; x_wconf 76' lang='lat' dir='ltr'><strong>multiplicanda.¹</strong></span> <span class='ocrx_word' id='word_1_393' title='bbox 460 3856 557 3944; x_wconf 75' lang='lat' dir='ltr'><strong>atqu</strong></span> <span class='ocrx_word' id='word_1_394' title='bbox 578 3852 622 3926; x_wconf 66' lang='lat' dir='ltr'><strong>&#39;es</strong></span> <span class='ocrx_word' id='word_1_395' title='bbox 665 3860 764 3926; x_wconf 86' lang='lat' dir='ltr'><strong>radiis</strong></span> <span class='ocrx_word' id='word_1_396' title='bbox 793 3859 1003 3941; x_wconf 81' lang='lat' dir='ltr'><strong>circulorum,</strong></span> <span class='ocrx_word' id='word_1_397' title='bbox 1031 3861 1096 3942; x_wconf 92' lang='lat' dir='ltr'><strong>·qui</strong></span> <span class='ocrx_word' id='word_1_398' title='bbox 1124 3860 1338 3949; x_wconf 88' lang='lat' dir='ltr'><strong>requiruntur</strong></span> 
     </span>
     <span class='ocr_line' id='line_1_42' title="bbox 22 3947 1338 4033; baseline 0 -22"><span class='ocrx_word' id='word_1_399' title='bbox 22 3947 58 4011; x_wconf 80' lang='lat' dir='ltr'><strong>sd</strong></span> <span class='ocrx_word' id='word_1_400' title='bbox 92 3947 365 4032; x_wconf 77' lang='lat' dir='ltr'><strong>investigationem</strong></span> <span class='ocrx_word' id='word_1_401' title='bbox 397 3967 563 4033; x_wconf 84' lang='lat' dir='ltr'><strong>arearum,</strong></span> <span class='ocrx_word' id='word_1_402' title='bbox 609 3950 711 4016; x_wconf 91' lang='lat' dir='ltr'><strong>multo</strong></span> <span class='ocrx_word' id='word_1_403' title='bbox 744 3947 879 4015; x_wconf 80' lang='lat' dir='ltr'><strong>faciliori</strong></span> <span class='ocrx_word' id='word_1_404' title='bbox 919 3949 1045 4032; x_wconf 88' lang='lat' dir='ltr'><strong>negotio</strong></span> <span class='ocrx_word' id='word_1_405' title='bbox 1080 3954 1186 4033; x_wconf 89' lang='lat' dir='ltr'><strong>potest</strong></span> <span class='ocrx_word' id='word_1_406' title='bbox 1224 3947 1338 4024; x_wconf 88' lang='lat' dir='ltr'><strong>haberi</strong></span> 
     </span>
     <span class='ocr_line' id='line_1_43' title="bbox 22 4035 1300 4121; baseline 0 -23"><span class='ocrx_word' id='word_1_407' title='bbox 22 4035 156 4121; x_wconf 59' lang='lat' dir='ltr'><strong>quiquid</strong></span> <span class='ocrx_word' id='word_1_408' title='bbox 179 4038 351 4118; x_wconf 83' lang='lat' dir='ltr'><strong>quaeritur.</strong></span> <span class='ocrx_word' id='word_1_409' title='bbox 416 4070 421 4079; x_wconf 80' lang='lat'><em>‚</em></span> <span class='ocrx_word' id='word_1_410' title='bbox 566 4090 568 4092; x_wconf 94' lang='lat'>.</span> <span class='ocrx_word' id='word_1_411' title='bbox 961 4051 963 4055; x_wconf 88' lang='grc'><em>·</em></span> <span class='ocrx_word' id='word_1_412' title='bbox 1237 4073 1239 4079; x_wconf 35' lang='grc' dir='ltr'><em>ν</em></span> <span class='ocrx_word' id='word_1_413' title='bbox 1298 4093 1300 4098; x_wconf 90' lang='grc'><em>.</em></span> 
     </span>
     <span class='ocr_line' id='line_1_44' title="bbox 105 4123 1334 4211; baseline -0.001 -22"><span class='ocrx_word' id='word_1_414' title='bbox 105 4123 187 4189; x_wconf 82' lang='lat' dir='ltr'><strong>(lum</strong></span> <span class='ocrx_word' id='word_1_415' title='bbox 208 4126 317 4190; x_wconf 81' lang='lat' dir='ltr'><strong>autem</strong></span> <span class='ocrx_word' id='word_1_416' title='bbox 340 4134 529 4192; x_wconf 79' lang='lat' dir='ltr'><strong>trtmtorum</strong></span> <span class='ocrx_word' id='word_1_417' title='bbox 543 4128 734 4208; x_wconf 78' lang='lat' dir='ltr'><strong>comicorum,</strong></span> <span class='ocrx_word' id='word_1_418' title='bbox 759 4126 816 4208; x_wconf 91' lang='lat' dir='ltr'><strong>qui</strong></span> <span class='ocrx_word' id='word_1_419' title='bbox 836 4125 1037 4211; x_wconf 64' lang='lat' dir='ltr'><strong>fiunt‘plano</strong></span> <span class='ocrx_word' id='word_1_420' title='bbox 1058 4125 1102 4190; x_wconf 88' lang='lat' dir='ltr'><strong>ad</strong></span> <span class='ocrx_word' id='word_1_421' title='bbox 1120 4146 1220 4190; x_wconf 87' lang='lat' dir='ltr'><strong>axem</strong></span> <span class='ocrx_word' id='word_1_422' title='bbox 1235 4132 1334 4207; x_wconf 89' lang='lat' dir='ltr'><strong>recto,</strong></span> 
     </span>
     <span class='ocr_line' id='line_1_45' title="bbox 22 4204 1336 4300; baseline 0 -23"><span class='ocrx_word' id='word_1_423' title='bbox 22 4204 187 4295; x_wconf 84' lang='lat' dir='ltr'><strong>multiplex</strong></span> <span class='ocrx_word' id='word_1_424' title='bbox 216 4215 257 4278; x_wconf 90' lang='lat' dir='ltr'><strong>sit</strong></span> <span class='ocrx_word' id='word_1_425' title='bbox 277 4235 365 4290; x_wconf 87' lang='lat' dir='ltr'><strong>usus</strong></span> <span class='ocrx_word' id='word_1_426' title='bbox 397 4222 430 4279; x_wconf 89' lang='lat' dir='ltr'><strong>et</strong></span> <span class='ocrx_word' id='word_1_427' title='bbox 457 4219 621 4300; x_wconf 85' lang='lat' dir='ltr'><strong>praesenti</strong></span> <span class='ocrx_word' id='word_1_428' title='bbox 649 4217 806 4292; x_wconf 85' lang='lat' dir='ltr'><strong>materiae</strong></span> <span class='ocrx_word' id='word_1_429' title='bbox 836 4215 1020 4298; x_wconf 83' lang='lat' dir='ltr'><strong>cumprimis</strong></span> <span class='ocrx_word' id='word_1_430' title='bbox 1050 4216 1262 4292; x_wconf 59' lang='lat' dir='ltr'><strong>necessarius,</strong></span> <span class='ocrx_word' id='word_1_431' title='bbox 1294 4213 1336 4277; x_wconf 93' lang='lat' dir='ltr'><strong>ob</strong></span> 
     </span>
    </p>
   </div>
   <div class='ocr_carea' id='block_1_15' title="bbox 22 4300 1364 4391">
    <p class='ocr_par' dir='ltr' id='par_1_15' title="bbox 22 4300 1364 4391">
     <span class='ocr_line' id='line_1_46' title="bbox 22 4300 1364 4391; baseline 0 -25"><span class='ocrx_word' id='word_1_432' title='bbox 22 4302 177 4376; x_wconf 79' lang='lat' dir='ltr'><strong>loliorum</strong></span> <span class='ocrx_word' id='word_1_433' title='bbox 192 4300 336 4385; x_wconf 86' lang='lat' dir='ltr'><strong>figuram,</strong></span> <span class='ocrx_word' id='word_1_434' title='bbox 361 4303 551 4391; x_wconf 86' lang='lat' dir='ltr'><strong>subjungam</strong></span> <span class='ocrx_word' id='word_1_435' title='bbox 563 4303 614 4370; x_wconf 91' lang='lat' dir='ltr'><strong>hic</strong></span> <span class='ocrx_word' id='word_1_436' title='bbox 626 4306 870 4389; x_wconf 83' lang='lat' dir='ltr'><strong>pulcherrimum</strong></span> <span class='ocrx_word' id='word_1_437' title='bbox 885 4304 1052 4368; x_wconf 81' lang='lat' dir='ltr'><strong>theorema</strong></span> <span class='ocrx_word' id='word_1_438' title='bbox 1067 4310 1098 4369; x_wconf 87' lang='lat' dir='ltr'><strong>et</strong></span> <span class='ocrx_word' id='word_1_439' title='bbox 1113 4302 1337 4386; x_wconf 88' lang='lat' dir='ltr'><strong>compendium</strong></span> <span class='ocrx_word' id='word_1_440' title='bbox 1362 4325 1364 4336; x_wconf 73' lang='grc'><strong>’</strong></span> 
     </span>
    </p>
   </div>
   <div class='ocr_carea' id='block_1_16' title="bbox 22 4390 1336 4832">
    <p class='ocr_par' dir='ltr' id='par_1_16' title="bbox 22 4390 1336 4832">
     <span class='ocr_line' id='line_1_47' title="bbox 22 4390 1336 4474; baseline 0 -18"><span class='ocrx_word' id='word_1_441' title='bbox 22 4392 305 4474; x_wconf 67' lang='lat' dir='ltr'><strong>exoptatissimum</strong></span> <span class='ocrx_word' id='word_1_442' title='bbox 333 4394 396 4457; x_wconf 88' lang='lat' dir='ltr'><strong>etsi</strong></span> <span class='ocrx_word' id='word_1_443' title='bbox 417 4393 735 4473; x_wconf 87' lang='lat' dir='ltr'><strong>demonstrationem,</strong></span> <span class='ocrx_word' id='word_1_444' title='bbox 760 4392 961 4474; x_wconf 78' lang='lat' dir='ltr'><strong>cognationis</strong></span> <span class='ocrx_word' id='word_1_445' title='bbox 976 4390 1089 4474; x_wconf 74' lang='lat' dir='ltr'><strong>lausa,</strong></span> <span class='ocrx_word' id='word_1_446' title='bbox 1104 4391 1224 4459; x_wconf 86' lang='lat' dir='ltr'><strong>differo</strong></span> <span class='ocrx_word' id='word_1_447' title='bbox 1247 4392 1336 4457; x_wconf 91' lang='lat' dir='ltr'><strong>deor·</strong></span> 
     </span>
     <span class='ocr_line' id='line_1_48' title="bbox 22 4476 1334 4566; baseline 0.002 -21"><span class='ocrx_word' id='word_1_448' title='bbox 22 4501 86 4545; x_wconf 80' lang='lat' dir='ltr'><strong>sum</strong></span> <span class='ocrx_word' id='word_1_449' title='bbox 114 4481 149 4545; x_wconf 87' lang='lat' dir='ltr'><strong>in</strong></span> <span class='ocrx_word' id='word_1_450' title='bbox 171 4476 433 4564; x_wconf 80' lang='lat' dir='ltr'><strong>supplementum</strong></span> <span class='ocrx_word' id='word_1_451' title='bbox 455 4482 678 4550; x_wconf 86' lang='lat' dir='ltr'><strong>Archimedeae</strong></span> <span class='ocrx_word' id='word_1_452' title='bbox 707 4481 958 4547; x_wconf 79' lang='lat' dir='ltr'><strong>stereometriae·</strong></span> <span class='ocrx_word' id='word_1_453' title='bbox 981 4489 1015 4546; x_wconf 89' lang='lat' dir='ltr'><strong>et</strong></span> <span class='ocrx_word' id='word_1_454' title='bbox 1036 4482 1080 4566; x_wconf 89' lang='lat' dir='ltr'><strong>tb.</strong></span> <span class='ocrx_word' id='word_1_455' title='bbox 1105 4480 1206 4545; x_wconf 72' lang='lat' dir='ltr'><strong>xxm</strong></span> <span class='ocrx_word' id='word_1_456' title='bbox 1251 4482 1334 4547; x_wconf 81' lang='lat' dir='ltr'><strong>uivi-</strong></span> 
     </span>
     <span class='ocr_line' id='line_1_49' title="bbox 22 4563 1336 4657; baseline 0.001 -23"><span class='ocrx_word' id='word_1_457' title='bbox 22 4563 111 4634; x_wconf 81' lang='lat' dir='ltr'><strong>litur&#39;</strong></span> <span class='ocrx_word' id='word_1_458' title='bbox 126 4575 238 4635; x_wconf 86' lang='lat' dir='ltr'><strong>autem</strong></span> <span class='ocrx_word' id='word_1_459' title='bbox 260 4576 394 4635; x_wconf 71' lang='lat' dir='ltr'><strong>nunnus</strong></span> <span class='ocrx_word' id='word_1_460' title='bbox 417 4571 449 4635; x_wconf 94' lang='lat' dir='ltr'><strong>in</strong></span> <span class='ocrx_word' id='word_1_461' title='bbox 471 4573 610 4638; x_wconf 90' lang='lat' dir='ltr'><strong>medium</strong></span> <span class='ocrx_word' id='word_1_462' title='bbox 632 4573 807 4657; x_wconf 86' lang='lat' dir='ltr'><strong>cylindrum</strong></span> <span class='ocrx_word' id='word_1_463' title='bbox 831 4579 866 4635; x_wconf 89' lang='lat' dir='ltr'><strong>et</strong></span> <span class='ocrx_word' id='word_1_464' title='bbox 888 4571 1119 4655; x_wconf 79' lang='lat' dir='ltr'><strong>circmnjectam</strong></span> <span class='ocrx_word' id='word_1_465' title='bbox 1142 4570 1171 4642; x_wconf 89' lang='lat' dir='ltr'><strong>ei</strong></span> <span class='ocrx_word' id='word_1_466' title='bbox 1193 4571 1336 4636; x_wconf 90' lang='lat' dir='ltr'><strong>conicam</strong></span> 
     </span>
     <span class='ocr_line' id='line_1_50' title="bbox 22 4659 1333 4742; baseline 0.002 -20"><span class='ocrx_word' id='word_1_467' title='bbox 22 4660 115 4726; x_wconf 84' lang='lat' dir='ltr'><strong>reluti</strong></span> <span class='ocrx_word' id='word_1_468' title='bbox 131 4660 283 4737; x_wconf 78' lang='lat' dir='ltr'><strong>tunicam,</strong></span> <span class='ocrx_word' id='word_1_469' title='bbox 298 4680 382 4742; x_wconf 89' lang='lat' dir='ltr'><strong>quae</strong></span> <span class='ocrx_word' id='word_1_470' title='bbox 397 4668 604 4742; x_wconf 83' lang='lat' dir='ltr'><strong>segmentum</strong></span> <span class='ocrx_word' id='word_1_471' title='bbox 616 4669 665 4727; x_wconf 86' lang='lat' dir='ltr'><strong>est</strong></span> <span class='ocrx_word' id='word_1_472' title='bbox 679 4663 749 4727; x_wconf 90' lang='lat' dir='ltr'><strong>coni</strong></span> <span class='ocrx_word' id='word_1_473' title='bbox 762 4659 913 4725; x_wconf 87' lang='lat' dir='ltr'><strong>dissimile</strong></span> <span class='ocrx_word' id='word_1_474' title='bbox 932 4660 1141 4742; x_wconf 85' lang='lat' dir='ltr'><strong>superiorum,</strong></span> <span class='ocrx_word' id='word_1_475' title='bbox 1154 4681 1198 4724; x_wconf 86' lang='lat' dir='ltr'><strong>sc.</strong></span> <span class='ocrx_word' id='word_1_476' title='bbox 1222 4678 1333 4742; x_wconf 89' lang='lat' dir='ltr'><strong>super·</strong></span> 
     </span>
     <span class='ocr_line' id='line_1_51' title="bbox 22 4742 1334 4832; baseline 0.002 -20"><span class='ocrx_word' id='word_1_477' title='bbox 22 4749 85 4825; x_wconf 85' lang='lat' dir='ltr'><strong>ieie</strong></span> <span class='ocrx_word' id='word_1_478' title='bbox 102 4742 279 4832; x_wconf 81' lang='lat' dir='ltr'><strong>cylindrica</strong></span> <span class='ocrx_word' id='word_1_479' title='bbox 291 4748 427 4815; x_wconf 81' lang='lat' dir='ltr'><strong>lactum:</strong></span> <span class='ocrx_word' id='word_1_480' title='bbox 452 4771 535 4830; x_wconf 70' lang='lat' dir='ltr'><strong>erga</strong></span> <span class='ocrx_word' id='word_1_481' title='bbox 554 4753 585 4815; x_wconf 92' lang='lat' dir='ltr'><strong>si</strong></span> <span class='ocrx_word' id='word_1_482' title='bbox 603 4759 687 4816; x_wconf 88' lang='lat' dir='ltr'><strong>tres</strong></span> <span class='ocrx_word' id='word_1_483' title='bbox 703 4749 898 4828; x_wconf 83' lang='lat' dir='ltr'><strong>diametri,</strong></span> <span class='ocrx_word' id='word_1_484' title='bbox 924 4748 1021 4814; x_wconf 81' lang='lat' dir='ltr'><strong>duae</strong></span> <span class='ocrx_word' id='word_1_485' title='bbox 1033 4747 1139 4814; x_wconf 83' lang='lat' dir='ltr'><strong>basis</strong></span> <span class='ocrx_word' id='word_1_486' title='bbox 1162 4750 1334 4825; x_wconf 81' lang='lat' dir='ltr'><strong>minoris,</strong></span> 
     </span>
    </p>
   </div>
   <div class='ocr_carea' id='block_1_17' title="bbox 1513 4665 1524 4702">
    <p class='ocr_par' dir='ltr' id='par_1_17' title="bbox 1513 4665 1524 4702">
     <span class='ocr_line' id='line_1_52' title="bbox 1513 4665 1524 4702; baseline 0 0"><span class='ocrx_word' id='word_1_487' title='bbox 1513 4665 1524 4702; x_wconf 71' lang='lat' dir='ltr'><strong>t</strong></span> 
     </span>
    </p>
   </div>
   <div class='ocr_carea' id='block_1_18' title="bbox 0 0 1576 5482">
    <p class='ocr_par' dir='ltr' id='par_1_18' title="bbox 0 0 1576 5482">
     <span class='ocr_line' id='line_1_53' title="bbox 0 0 1576 5482; baseline 0 0"><span class='ocrx_word' id='word_1_488' title='bbox 0 0 1576 5482; x_wconf 95' lang='lat' dir='ltr'><strong> </strong></span> 
     </span>
    </p>
   </div>
  </div>
 </body>
</html>
