3142 5482
220 210 283 269 482
745 204 854 269 Eclepue
876 203 1021 254 Chrouiese.

220 391 315 457 dentes
342 385 466 440 fortassis
494 386 625 455 antiquae
652 385 784 454 opinionis
810 384 957 454 vestigium
982 400 1143 454 expressum
1168 383 1332 455 reliquerint
1358 384 1408 439 illis
1431 388 1511 441 serbis:
1559 382 1562 500 1

222 466 435 536 „Hierosolymis
461 464 679 518 commemoratio
706 464 792 537 sancti
819 462 959 519 latronis.“
1003 465 1062 527 Quo
1093 465 1163 518 enIm
1193 464 1248 518 ulio
1276 465 1322 518 die
1349 483 1386 518 ex
1411 465 1457 519 hac
1473 468 1515 520 ritu
1560 523 1562 534 .

220 564 300 617 quam
334 546 459 599 Christus
492 547 564 597 latro
597 544 743 614 migrarit?
793 545 855 606 Qua
887 562 922 597 ex
954 541 1097 598 sententia
1121 545 1238 598 efficitur
1271 547 1371 613 plane,
1406 545 1516 599 Christuu
1561 598 1562 601 ,

219 627 336 679 occisum
351 621 410 679 'nou
431 624 477 677 33.
500 624 600 676 aetatis
622 641 702 686 anno,
724 640 784 676 oum
807 625 850 678 15.
866 625 946 695 Luna
959 623 1058 680 mensis
1072 624 1166 686 Nisam
1188 642 1241 695 quo
1259 625 1313 685 die,
1334 625 1408 678 haud
1424 627 1517 686 dubiuuu
1561 622 1565 688 ζ

219 707 322 759 occisus
344 713 386 756 est
407 702 540 764 Christus,
562 721 594 755 eo
616 704 686 756 anno
708 721 761 759 non
782 703 907 757 inciderit
927 703 954 756 in
974 704 1068 758 Martii
1089 704 1158 756 diem
1181 706 1227 758 25.
1258 705 1304 757 Ex
1322 713 1518 776 magnopstruu
1562 689 1565 743 i

218 802 329 839 numero
350 801 452 852 paucos
472 784 643 851 proferamus
664 784 691 836 in
712 784 782 836 hanc
803 782 983 863 sententiam.⁸
1015 785 1059 836 lle
1075 777 1166 836 merise
1181 784 1359 837 consentiunt
1373 787 1519 856 Augustinus
1561 745 1566 857 i

219 867 264 919 lib.
287 866 333 918 IV.
361 866 394 915 de
415 863 549 916 'I'rinitate
576 879 635 932 cap.
657 865 684 923 5,
706 870 734 915 et
755 863 800 916 lib.
821 863 923 917 XVIII.
945 865 980 915 de
1001 863 1079 916 civit.
1100 864 1153 916 Dei
1173 881 1234 933 cap.
1256 867 1309 919 ult.
1332 865 1465 917 Mortuus
1481 874 1520 920 est.
1564 859 1566 905 ἓ

218 945 326 1015 ἰιιιιιιίι,ι
340 943 453 994 duobus
474 942 600 996 Gerrunio
627 959 700 995 coss.
727 939 753 1008 8,
775 941 835 995 Cei.
856 942 982 1011 Aprilis.
1024 943 1200 997 Cassiodorus
1225 946 1263 997 de
1295 945 1457 1005 consulibus.
1485 945 1520 998 ulii
1564 986 1566 991 ,

156 1015 159 1023 ¹
218 1026 252 1078 dc
277 1040 348 1077 anno
374 1023 453 1075 simul
479 1028 508 1074 et
532 1016 590 1083 die;
617 1029 673 1075 tum
698 1023 776 1075 Beda
801 1024 835 1075 de
861 1022 969 1077 ratione·
992 1028 1150 1091 temporum,
1176 1041 1199 1077 c.
1221 1025 1271 1079 45.
1312 1023 1418 1082 Habet,
1444 1024 1519 1094 inquil
1563 1015 1566 1068 ἶ

217 1106 249 1156 ni
265 1103 370 1172 folior,
392 1102 525 1154 ecciesiae
542 1103 626 1171 fides,
648 1103 788 1158 damnum
807 1104 839 1154 iu
859 1119 944 1154 carus
962 1102 1034 1170 plus
1056 1119 1139 1172 quarn
1154 1101 1195 1156 33
1215 1105 1304 1157 ausus
1328 1121 1422 1172 usqae
1434 1105 1468 1157 od
1481 1122 1520 1158 rso
1564 1103 1565 1107 ’

218 1193 345 1252 tempora
360 1184 513 1251 passionis
536 1183 660 1239 evicisse:
682 1181 821 1251 cereisque
842 1181 978 1243 Romanis,
1001 1181 1045 1234 uhi
1067 1182 1130 1237 anni
1147 1200 1165 1236 a
1181 1183 1284 1236 Christi
1304 1191 1395 1237 morte
1417 1184 1519 1252 descripti

218 1271 305 1327 erant,
322 1261 349 1314 id
362 1261 513 1315 confirmari
529 1266 655 1315 testatur.
681 1261 787 1315 Deinde
804 1261 927 1330 subjicit:
944 1260 1028 1325 Quod
1041 1270 1133 1315 uatem
1145 1260 1170 1314 8.
1186 1262 1246 1315 Cal.
1261 1262 1363 1333 April.
1380 1265 1519 1334 crucifixus.
1561 1324 1562 1328 ¹

217 1340 244 1394 b'.
257 1341 315 1394 Cal.
327 1341 480 1393 eurumdem
494 1341 546 1395 dic,
556 1343 725 1400 resurrexit,
746 1339 897 1393 multorum
912 1339 970 1392 iate
991 1340 1137 1393 doctorum
1156 1343 1419 1396 ecclesiasticorum
1431 1353 1519 1395 constet
1561 1356 1562 1359 ’

218 1423 359 1496 scatentia
380 1421 533 1490 culpatum.
576 1422 642 1475 Tum
663 1420 824 1492 sigebertus
845 1421 880 1473 ad
897 1435 1001 1499 'annum
1021 1414 1123 1473 Christi
1139 1422 1204 1476 532.
1220 1409 1390 1493 Dionysium
1408 1425 1517 1479 Abbuteu

218 1508 340 1564 accusat,
361 1500 438 1570 quasi
461 1500 515 1552 suis
536 1501 783 1569 computationibus
803 1507 934 1570 veterum,
946 1498 1050 1568 placita
1070 1507 1098 1552 et
1113 1501 1306 1572 evangelicam
1325 1504 1462 1557 veritatem
1475 1505 1516 1555 loco
1558 1498 1560 1554 s

216 1582 353 1642 movisset,
375 1579 571 1658 Christ-umque¹
588 1581 631 1633 die
653 1581 699 1635 25.
720 1579 813 1656 Martii
835 1580 933 1633 obiisse
954 1579 1076 1633 affirmat
1093 1598 1164 1634 anno
1186 1569 1233 1635 3'4.
1247 1634 1252 1645 ,
1267 1572 1314 1655 Sic
1337 1584 1423 1653 legito
1441 1586 1514 1642 Iocuu

217 1670 250 1714 ιιι
271 1660 329 1729 ejus
350 1660 421 1713 ratio
439 1659 579 1722 'constet‘l

295 1742 406 1802 Verum,
427 1739 476 1801 ais,
499 1757 560 1792 eum
580 1738 674 1801 Martii
694 1738 765 1792 diem
785 1749 838 1792 non
859 1738 983 1792 incidisse
1005 1739 1032 1792 iu
1051 1739 1281 1804 feriam-sextum,
1304 1759 1360 1812 quo
1377 1742 1419 1795 die
1432 1748 1514 1794 condat

216 1820 352 1874 Christum
373 1819 498 1881 occisum,
519 1820 600 1890 idque
621 1837 658 1872 ex
678 1819 761 1872 litera
780 1818 933 1873 dominicali
953 1825 1079 1878 constare
1093 1820 1272 1883 manifestius¹
1293 1839 1379 1892 quam
1393 1824 1513 1874 utsubter·

215 1900 292 1971 fugio
319 1900 355 1952 sit
379 1901 462 1970 locus.
504 1901 580 1952 Haec
600 1900 671 1952 ratio
693 1900 822 1968 quosdam
842 1899 978 1967 compulit,
999 1906 1031 1951 ut
1050 1899 1150 1963 Christi
1171 1908 1286 1954 mortem
1311 1901 1513 1955 transferrentiu

215 1970 371 2050 proximum
397 1979 482 2040 dietu;
496 1982 584 2031 'certe
612 1979 767 2047 Onuphrius
794 1985 823 2031 et
850 1980 885 2031 ad
911 1977 997 2032 fastos
1018 1982 1175 2032 consulares
1196 1990 1225 2032 et
1246 1980 1273 2033 in
1294 1982 1427 2035 chronicis
1447 1983 1514 2034 idest
1558 2020 1561 2022 ,

216 2068 334 2120 secutus,
356 2065 385 2111 et
405 2060 581 2128 Maurolycus
602 2058 629 2112 in
650 2076 698 2111 suo
718 2057 928 2129 Martyrologiu
950 2058 1049 2112 relicta
1069 2053 1117 2111 die
1135 2060 1180 2113 25.
1202 2060 1307 2122 Martii,
1329 2079 1422 2114 necem
1436 2058 1514 2113 Christi

216 2138 373 2209 designarit
398 2130 443 2191 die
474 2140 518 2192 26.
564 2138 632 2192 Mihi
658 2145 752 2191 tamen
777 2155 865 2208 grave
886 2137 1043 2200 videbatur,
1065 2140 1110 2194 vel
1135 2134 1162 2191 iu
1190 2156 1225 2192 ea
1249 2141 1347 2201 reah
1369 2141 1514 2211 antiquomn

216 2235 353 2272 consensu·
370 2224 399 2271 et
418 2219 624 2289 martyrologiis
645 2218 793 2271 discedere.
829 2219 924 2288 quue
945 2234 1040 2271 uerum
1059 2226 1134 2286 puto,
1149 2221 1228 2289 rquod
1248 2221 1356 2273 Paulus
1377 2223 1443 2274 Foro
1460 2237 1513 2271 seu·

216 2315 265 2367 per
286 2300 366 2350 docet
386 2304 457 2366 part.
479 2298 525 2352 lib.
546 2300 608 2352 XII.
630 2290 662 2352 c.'
675 2299 702 2359 3,
725 2310 762 2361 ex
782 2299 893 2366 antiquo
915 2314 1008 2351 errore
1029 2300 1216 2366 suseerdotum„
1231 2300 1266 2351 de
1286 2317 1343 2370 quo
1364 2300 1516 2356 tusuSoliuus

216 2378 278 2447 agit
303 2385 360 2431 tum
384 2378 540 2431 Macrobius
563 2378 619 2442 (lib.
642 2380 662 2432 I.
685 2378 776 2431 Satur.
798 2395 821 2430 c.
845 2371 901 2440 12),
929 2393 981 2447 quo
1006 2392 1056 2447 per
1076 2377 1209 2432 inscitiam
1235 2381 1411 2448 computandi
1431 2380 1516 2433 iuiu'm

215 2458 279 2512 anui
309 2457 395 2510 tribus
425 2457 521 2511 diebus
550 2463 783 2527 postposuerant.
804 2474 847 2509 ιιι
870 2457 982 2526 ejusque
1013 2458 1112 2510 erroris
1143 2458 1329 2523 comestione,
1360 2477 1430 2530 quae
1450 2460 1515 2527 jussu

214 2537 337 2606 Augusti
361 2536 437 2590 lacta
464 2545 514 2600 est,
541 2554 639 2591 norum
665 2543 762 2590 natum
787 2553 994 2612 erroremque
1021 2537 1085 2591 uani
1107 2537 1210 2592 initium
1231 2555 1285 2591 uno
1309 2539 1356 2592 die
1376 2549 1516 2610 postquam

215 2618 330 2680 deberet
349 2619 512 2685 ponebatur,
538 2616 616 2685 cujus
640 2616 740 2670 erroris
764 2615 972 2685 vestigiuasatis
983 2624 1093 2700 puperta
1113 2618 1140 2672 iu
1160 2628 1286 2687 veterum
1307 2613 1516 2687 calcusationbus

215 2705 328 2749 exstare
348 2697 376 2752 iu
396 2713 432 2750 ea
451 2703 546 2750 nostra
566 2696 806 2764 disputationem„
825 2697 876 2748 hoc
897 2704 1059 2766 argumento
1079 2697 1347 2759 monstravimus“l.
1369 2700 1517 2757 sieueuu

216 2785 247 2830 ut
267 2776 325 2829 dies
345 2777 447 2844 primus
469 2775 599 2846 cujusque
619 2776 718 2829 mensis
739 2775 897 2836 haberetur,
918 2776 964 2846 qui
984 2793 1015 2829 re
1037 2793 1105 2831 vera
1124 2778 1260 2835 secundus
1281 2787 1355 2841 erat,
1377 2797 1409 2832 ac
1429 2781 1470 2834 25.
1483 2775 1518 2847 qui

216 2864 279 2909 erat
304 2857 349 2910 26.
397 2857 460 2917 Qua
489 2856 572 2909 etiam
602 2855 709 2909 ratione
740 2854 942 2931 intelligamus,
975 2854 1112 2910 Christum
1142 2856 1186 2909 die
1218 2858 1339 2910 Veneris
1370 2868 1517 2927 conceptum

215 2942 309 2989 natum
327 2934 371 2998 die
386 2935 536 2998 Dominico,
557 2935 598 2988 uti
617 2937 702 3004 vulgo
717 2951 878 3004 magnorum
893 2935 1011 2988 vlrorum
1025 2935 1114 3004 opinio
1130 2936 1224 2998 habet,
1246 2939 1320 3007 quod
1336 2939 1388 2992 nisi
1403 2940 1429 2992 in
1444 2953 1518 2990 errore

216 3015 404 3069 animadverso
432 3021 556 3068 constare
584 3033 643 3080 non,
662 3021 768 3084 potcst;
795 3032 883 3085 neque
910 3033 980 3068 emm
1006 3032 1139 3077 ecanae,
1167 3033 1219 3085 quo
1241 3017 1371 3071 Christus
1393 3023 1517 3085 conceptus

217 3102 260 3147 est
286 3092 314 3147 et
339 3101 430 3156 uatus,
457 3095 515 3146 dies
543 3096 588 3165 25.
609 3094 703 3148 Martii
724 3093 841 3149 indiam
862 3095 978 3148 Veneris
998 3095 1099 3156 incidit
1126 3097 1172 3148 sed
1194 3096 1222 3149 iu
1243 3097 1316 3150 diem
1338 3098 1422 3159 Josis,
1446 3113 1517 3165 neque

216 3174 377 3227 Decembris
398 3175 464 3228 item
484 3174 530 3227 25.
547 3174 579 3233 iu
600 3174 671 3228 diem
691 3173 860 3237 dominicam,
881 3176 929 3227 sed
950 3174 977 3227 in
997 3176 1162 3240 sabbathum
1182 3173 1309 3240 etum).

359 3310 362 3319 ·
513 3330 518 3343 .
699 3267 864 3330 Hactenus
895 3265 1052 3330 Mariana.

217 3354 260 3418 Et
282 3357 350 3437 iarn
379 3354 494 3419 harum
510 3354 712 3438 “delegatum
732 3353 782 3418 ud
804 3355 1023 3436 quaestionem
1045 3355 1272 3420 nobilissimam
1297 3358 1339 3423 de
1362 3379 1433 3423 sero
1451 3376 1515 3422 snm

492 3443 648 3526 passionis
671 3443 1001 3596 Dominssinpgagggue
1023 3445 1262 3527 pertinentium,

324 3711 351 3775 *l
380 3715 432 3763 Inue
460 3715 498 3765 10.
523 3715 577 3778 Cal.
596 3729 694 3779 passus,
713 3714 737 3764 8.
758 3713 812 3764 Cal.
833 3717 975 3765 resurrexit.
1006 3714 1167 3765 Perturbarit
1185 3716 1253 3765 enim
1271 3716 1318 3764 hos
1338 3725 1446 3767 auctores
1461 3727 1512 3763 error

216 3784 307 3834 calculi
333 3785 441 3842 Iudaici,
469 3786 553 3834 biduo¹
568 3787 652 3835 Lunus
678 3789 827 3850 antIcipans
856 3793 901 3834 aut
925 3794 993 3836 certe
1019 3800 1138 3836 ascensus
1164 3789 1319 3851 aequinoctii
1345 3791 1372 3837 iu
1395 3785 1507 3837 oboediet

217 3856 344 3920 sigeberti
363 3873 376 3905 e
394 3860 445 3905 iulo
464 3871 481 3906 a
497 3858 616 3906 Mariana
633 3858 738 3907 deletura
755 3871 896 3922 perperam,
922 3858 1040 3907 Mariana
1057 3868 1107 3906 non
1125 3857 1204 3906 habet
1222 3861 1420 3909 consentientem
1435 3858 1505 3906 urim
1560 3864 1562 3873 ¹

305 3925 350 3990 ”l
406 3929 494 3977 ariana
522 3929 622 3992 culpam
650 3928 820 3978 dissentientis
848 3930 926 3978 lenae
954 3930 1051 3978 confert
1077 3920 1104 3978 in
1132 3933 1316 3979 correctionem
1342 3933 1454 3997 Augus.
1474 3922 1505 3972 Ν
1554 3929 1557 3956 ³

217 4012 327 4054 errorem
346 3999 400 4048 Cal.
420 3999 527 4048 Romani
546 4000 614 4048 nullo
632 4006 767 4063 praeterea
784 4007 850 4049 testu
869 4000 961 4057 firmat,
980 3996 1047 4049 cirea
1064 3999 1129 4048 haec
1148 4002 1251 4064 quidem
1271 4011 1391 4065 tempora
1545 3995 1546 3999 ’

288 4066 351 4130 sss)
378 4069 435 4146 ⁸⁰2
453 4084 514 4119 sane
539 4073 565 4119 In
584 4084 649 4120 anuo
667 4072 835 4134 praecedente
854 4071 953 4120 initium
971 4085 1056 4128 serae,
1075 4079 1102 4119 st
1115 4078 1182 4122 certe
1196 4072 1299 4123 biennio
1313 4082 1381 4130 aute,
1398 4073 1433 4136 qui
1445 4077 1499 4117 tow

216 4143 314 4204 maguis
334 4140 385 4190 illis
403 4143 462 4190 viris
481 4149 536 4191 erat
555 4143 580 4190 in
599 4144 691 4191 animo.
