3142 5476
89 308 91 317 Ι
204 227 268 297 168
616 310 622 316 .
681 241 1070 308 nepteo-ausoniumque

199 393 381 476 praeferret.
413 389 515 453 Causa
529 386 602 450 mihi
617 386 738 449 videtur
752 386 823 462 ista,
839 387 916 468 quod
925 386 1034 449 Judaei
1049 390 1154 448 essent
1162 382 1311 447 foederati
1318 383 1538 460 Chaldaeorum,

200 484 307 545 hostes
329 480 422 561 igitur
437 476 599 563 Aegyptii,
622 495 713 557 quare
735 476 800 538 fieri
821 476 935 557 potuit,
948 483 992 538 nt
1006 474 1160 538 Joacimus
1183 481 1267 536 esset
1289 474 1408 537 alienus
1432 476 1536 540 abhoc

201 571 322 634 foedere
339 588 433 650 eoque
448 567 567 629 nomine
582 566 801 646 praeteriretur
807 584 816 640 ;
839 565 975 628 Joaohaz
990 584 1062 627 vero
1073 564 1190 644 junior,
1211 563 1261 644 qui
1277 583 1310 625 se
1331 564 1448 634 ¹ducem
1458 583 1537 645 prae-

199 660 294 724 bebat
310 665 417 721 contra
431 655 613 737 Aegyptios,
637 655 808 735 eligeretur,
830 674 918 736 qoem
933 655 971 716 ob
986 655 1044 717 hoc
1059 654 1158 735 ipsum
1172 652 1347 734 Aegyptius
1363 674 1501 717 reversus
1511 655 1536 717 iu

200 749 319 812 vincula
335 746 501 827 conjecisse
516 745 606 826 inque
620 744 798 826 Aegyptum
813 743 976 806 abduxisse
991 744 1119 806 videtur.
1145 742 1284 823 Scaliger
1299 743 1445 825 exempla
1460 745 1538 806 affert

201 841 365 902 electorum
381 858 400 898 a
414 833 541 916 populo,
564 852 688 914 qnorum
704 833 853 895 secundus
867 832 1013 907 Azarias,
1035 851 1123 915 quem
1139 831 1278 912 Scaliger
1298 832 1345 894 ait
1360 833 1537 896 declaratum

200 945 301 1008 regem
318 945 408 987 caeso
423 923 551 986 Amasin
567 929 656 1007 patre
672 922 744 1002 ejus.
773 922 887 984 Vemm
903 922 1021 1003 quidem
1038 930 1094 996 est,
1106 922 1140 983 ‘si
1157 921 1265 983 seriem
1280 927 1388 984 textus
1404 922 1537 1005 requires,

199 1017 254 1080 IV.
263 1016 339 1095 Reg.
358 1014 408 1088 14,
424 1014 463 1075 21
482 1013 561 1074 han'c
577 1011 696 1074 omnino
713 1030 790 1073 esse.
819 1012 865 1082 At
879 1012 1012 1092 reliquae
1036 1010 1282 1074 circumstantiae
1297 1019 1450 1093 arguunt,
1470 1012 1537 1090 hunc

197 1105 344 1167 Azariam
359 1124 378 1164 a
393 1103 504 1183 populo
521 1102 650 1164 electum
666 1119 701 1163 eo
718 1108 862 1180 tempore,
878 1119 936 1181 quo
952 1107 1041 1181 pater
1056 1101 1121 1180 ejus
1136 1099 1279 1162 Amasias
1298 1100 1331 1162 in
1347 1101 1477 1163 vinculis
1491 1100 1539 1163 fuit

199 1196 341 1257 detentus
358 1191 508 1273 bregibus
518 1190 651 1265 Israelis,
667 1189 786 1271 qnando
801 1189 879 1252 filius
894 1190 1066 1270 pubertatis
1076 1208 1172 1252 annos
1188 1189 1307 1270 attigit,
1317 1210 1432 1252 annum
1449 1189 1537 1252 sclb.

197 1284 265 1347 Boc
288 1288 449 1362 sequentes
472 1280 605 1342 tollimus
627 1280 802 1359 interregna
825 1285 857 1340 et
872 1279 1066 1343 conciliamus
1088 1297 1177 1358 reges
1192 1277 1316 1341 Israelis
1340 1297 1411 1340 cum
1426 1280 1537 1360 regibus

197 1372 295 1435 Judae
310 1372 342 1432 in
357 1378 502 1450 tempore.
578 1430 579 1434 ,

228 1492 231 1505 =
286 1459 451 1522 Assentior
466 1465 498 1519 et
513 1458 544 1520 in
558 1456 620 1531 illo,
636 1459 716 1537 quod
731 1456 869 1536 Scaliger
885 1464 986 1537 negat,
1000 1456 1142 1519 Johanan
1157 1456 1249 1519 lilium
1263 1456 1369 1519 Josiae
1385 1475 1456 1521 esse
1471 1478 1537 1521 eun·

199 1551 267 1613 dem
281 1569 348 1612 cum
359 1548 514 1621 vJoacha23
539 1554 571 1609 et
585 1547 665 1628 quod
681 1546 808 1608 eundem
829 1565 895 1608 cum
909 1547 1045 1609 Joaohaz
1061 1545 1135 1608 lacit
1151 1545 1274 1609 Sellum.
1310 1545 1447 1609 Dubium
1466 1567 1536 1623 vero,

198 1640 278 1720 quod
295 1636 434 1717 Scaliger
448 1643 552 1699 movet
568 1655 658 1716 super
672 1634 818 1710 Joacimo,
835 1634 878 1697 sic
894 1636 995 1697 solvo:
1018 1634 1146 1716 primum
1160 1655 1221 1696 non
1237 1641 1434 1710 estnecesse,
1449 1638 1536 1718 utqui

199 1729 308 1791 dicitur
324 1727 452 1789 dormire
463 1744 527 1787 oum
537 1725 676 1806 patribus
687 1724 758 1798 suis,
772 1724 799 1785 is
815 1725 845 1786 in
860 1724 962 1804 patria
975 1725 1149 1805 sepeliatur.
1175 1723 1352 1788 Abrahamo
1369 1725 1483 1788 dictum
1496 1734 1536 1789 est

199 1812 292 1897 (Gen.
305 1817 355 1890 15,
374 1808 446 1895 15):
466 1822 518 1890 „tu
533 1814 591 1876 ibis
607 1813 646 1875 ad
656 1821 762 1894 patres
772 1813 861 1875 tuos“
875 1821 907 1875 et
923 1808 1016 1894 (Gen.
1027 1813 1078 1888 25,
1094 1808 1145 1892 Sl:
1165 1820 1319 1887 „mortuus
1329 1814 1535 1880 estAbraham

199 1911 460 1986 congregatusque
476 1905 514 1965 ad
530 1902 673 1983 populum
689 1902 809 1964 euum“:
834 1922 929 1984 neque
945 1909 1047 1964 tumen
1062 1902 1113 1964 ille
1129 1902 1178 1976 vel
1192 1902 1222 1963 in
1234 1901 1392 1966 Chaldaea
1409 1906 1533 1985 sepultus

199 2002 248 2058 est
262 1994 311 2056 vel
326 1995 357 2054 in
374 1992 500 2057 Charris
515 1992 763 2072 Mesopotomiae,
781 1992 834 2053 sed
849 1993 880 2054 in
895 1992 1028 2054 Hebron.
1063 1992 1172 2073 Itaque
1186 2010 1245 2054 vox
1261 1999 1311 2053 est
1325 1994 1532 2057 consolationis

197 2083 383 2165 plenissima,
399 2101 476 2164 quae
492 2081 567 2144 dicit
581 2082 648 2154 hoo,
664 2089 782 2143 restare
798 2088 869 2161 post
884 2082 963 2144 hanc
978 2081 1073 2143 vitam
1089 2081 1227 2157 alteram,
1242 2088 1274 2143 et
1289 2087 1444 2163 utcunque
1458 2083 1531 2145 vide·

198 2181 288 2236 antur
303 2171 390 2235 nobis
406 2172 548 2232 oberrare
571 2189 698 2251 corpora
719 2169 808 2250 inque
831 2171 981 2233 elementa
1001 2171 1113 2251 redigi,
1136 2170 1251 2233 animas
1274 2178 1378 2233 tamen
1400 2172 1529 2235 hincmi-

198 2268 323 2344 grantes
345 2260 377 2322 in
399 2267 518 2322 coetum
540 2260 640 2340 colligi
662 2254 765 2339 populi
786 2260 852 2322 Dei.
882 2259 1006 2321 Nullam
1027 2260 1120 2340 igitur
1140 2261 1172 2321 in
1186 2260 1245 2322 hac
1266 2259 1372 2340 phrasi
1388 2261 1529 2324 dubitandi

199 2369 321 2415 causam
336 2349 432 2412 habet
447 2347 598 2429 Scaliger,
621 2348 702 2422 aliud
724 2349 867 2429 estquod
886 2348 984 2429 ipsum
1002 2349 1111 2424 movit,
1134 2349 1296 2430 quodcum
1309 2359 1484 2413 versaretur
1495 2351 1527 2412 illi

198 2440 279 2502 inter
292 2438 388 2512 labra,
404 2445 507 2500 tamen
516 2437 611 2518 ipsius
627 2438 705 2518 fugit
714 2437 939 2520 cogitationem,
953 2437 1146 2500 utinterdum
1160 2436 1225 2500 fieri
1240 2437 1328 2500 solet.
1358 2438 1452 2520 Legit
1466 2440 1526 2502 enim

200 2523 278 2611 (Jer.
295 2529 349 2602 22,
375 2521 448 2605 19):
482 2527 618 2602 „Joacim
641 2526 797 2606 sepultura
818 2527 896 2589 asini
918 2527 1096 2613 sepelietur,
1123 2528 1313 2608 putrefactus
1337 2536 1370 2590 et
1389 2530 1525 2609 projectos

199 2625 288 2680 extra
302 2624 409 2697 portas
424 2614 625 2679 Jerusalem“.
654 2615 676 2678 J
676 2616 853 2697 erosolymis
868 2616 961 2696 igitur
974 2616 1134 2679 mortuus?
1161 2618 1228 2679 Hoc
1244 2623 1313 2678 erat
1327 2616 1403 2680 illud
1418 2617 1523 2680 isarno·

198 2729 299 2787 φανες.
336 2705 488 2768 Invitatus
510 2706 604 2785 igitur
626 2727 645 2766 a
661 2703 818 2786 Scaligero
842 2706 917 2768 duas
940 2705 978 2767 do
995 2706 1177 2781 solutiones;
1200 2725 1290 2768 unam
1312 2707 1432 2787 quidem
1446 2708 1523 2769 minus

198 2794 406 2870 verisimilem,
428 2813 488 2857 non
504 2801 606 2856 tamen
621 2795 861 2874 redarguendam
877 2814 915 2856 ex
929 2795 981 2856 illa
997 2795 1176 2858 dormitione
1199 2796 1435 2875 compatribus:
1458 2798 1480 2858 si
1492 2800 1521 2857 sc

197 2886 259 2948 Jer.
276 2886 328 2958 22,
345 2882 394 2947 19.
417 2884 553 2963 legamus
574 2902 630 2963 pro
656 2884 772 2963 ,portis
787 2883 975 2946 Jerusalem“
1003 2891 1128 2964 „portas
1143 2883 1341 2966 Babylonis“.
1383 2886 1463 2948 Nam
1474 2901 1521 2947 mos

195 2977 266 3036 'erat
288 2972 481 3053 Babyloniis,
503 2980 639 3035 mortuos
661 2980 749 3034 extra
768 2981 875 3053 portas
896 2973 1043 3053 projicere
1064 2992 1175 3055 eosque
1195 2973 1305 3035 beatos
1327 2975 1443 3050 dicere,
1467 2992 1521 3056 quos
1569 3014 1570 3036 2

197 3063 334 3124 vultures
357 3060 511 3124 celerrime
534 3062 771 3136 absumsissent3
807 3069 970 3142 propterea
990 3061 1318 3126 Nabnchodonosorem
1342 3072 1462 3144 patrem
1481 3063 1520 3125 de·
1568 3120 1570 3122 ,

197 3152 332 3214 functum
353 3151 419 3212 vita
440 3151 518 3213 filius
540 3150 771 3224 Evilmerodach
792 3151 823 3212 in
846 3151 910 3214 300
933 3152 1033 3214 frusta
1052 3159 1185 3226 sectum,
1208 3152 1233 3213 si
1249 3171 1325 3233 qnae
1341 3153 1418 3215 fides
1432 3152 1522 3224 Annio,

197 3240 326 3303 totidem
342 3238 454 3319 objecit
468 3239 645 3302 vulturibus.
675 3240 783 3321 Itaque
795 3247 969 3317 teneremus
986 3243 1014 3301 2.
1024 3240 1126 3303 Paral.
1142 3240 1193 3316 36,
1209 3239 1243 3305 6:
1271 3242 1442 3305 Joacimum
1455 3243 1521 3304 vino·
1565 3280 1569 3295 ›

197 3338 260 3392 tum
278 3328 440 3390 adductum
455 3329 547 3391 foisse
564 3329 594 3390 in
603 3329 791 3410 Babylonem
805 3329 904 3411 ibique
920 3337 1078 3392 mortuum.
1101 3329 1213 3394 Altera
1228 3329 1348 3406 solutio,
1363 3340 1522 3395 utmortuus

125 3478 128 3483 .
198 3419 240 3480 sit
253 3418 371 3480 Joacim
385 3418 584 3499 Jerosolymis
605 3418 733 3498 odioque
754 3419 857 3498 populi
880 3419 1037 3499 sepultura
1057 3418 1195 3500 privatus
1220 3413 1352 3500 (daeg.
1369 3421 1421 3497 24,
1436 3421 1464 3487 6.
1476 3421 1522 3484 Jer.

197 3509 249 3581 22,
267 3499 339 3586 19),
362 3514 394 3569 et
409 3513 517 3569 contra
531 3507 610 3569 hono
627 3506 800 3570 ascenderit
821 3507 939 3589 quidem
954 3495 1235 3572 Nabuchodonosor
1256 3527 1311 3572 rex
1324 3509 1489 3592 Babylonis
1500 3516 1524 3570 et

197 3597 331 3658 vinctum
353 3594 515 3657 abduxerit
534 3596 721 3677 Babylonem
745 3590 790 3678 (2.
803 3597 873 3659 Par.
896 3596 947 3672 36,
963 3591 1014 3678 6),Ι
1036 3598 1124 3679 idque
1140 3599 1172 3661 in
1194 3598 1326 3661 secunda
1349 3601 1523 3682 expeditione

197 3704 276 3748 anno
302 3679 330 3745 7.
354 3685 440 3764 regni
463 3684 771 3749 Nabuchodonosoris
796 3686 947 3748 adfinem
972 3687 1165 3764 decurrente,
1190 3687 1332 3769 quierat
1359 3689 1409 3751 ll.
1424 3688 1524 3754 Joacin

198 3768 275 3855 (Jer.
292 3772 343 3847 52,
359 3772 433 3847 28);
458 3774 512 3835 sed
527 3773 645 3837 Joaoim
667 3773 789 3856 placato
812 3777 987 3851 monarcha,
1010 3795 1077 3838 cum
1091 3777 1150 3858 ipsi
1167 3777 1380 3853 satisfecisset,
1403 3776 1524 3842 libertati

197 3863 288 3927 fuerit
302 3862 464 3925 restitutus
481 3861 658 3944 domumque
673 3865 827 3940 remissos,
843 3873 875 3927 et
889 3871 1061 3946 propterea,
1082 3867 1161 3948 quod
1176 3866 1408 3947 ignominiosam
1424 3876 1456 3932 et
1469 3887 1526 3950 pre·

197 3953 311 4016 cariam
324 3951 500 4014 libertatem
513 3951 657 4028 haberet,
679 3953 756 4016 odiis
771 3955 873 4035 populi
889 3956 1063 4036 exagitatus
1083 3956 1169 4019 brevi
1187 3975 1323 4019 moerore
1341 3959 1527 4022 contabuerit

195 4043 303 4123 Neque
319 4040 398 4102 enim
412 4047 607 4104 numerantur
622 4043 811 4123 captivitatis
826 4044 848 4107 J
848 4044 955 4107 oacimi
971 4044 1054 4120 anni,
1075 4045 1130 4109 sed
1145 4052 1263 4110 tantum
1279 4047 1469 4128 captivitatis
1482 4049 1529 4112 Je-

197 4129 333 4205 choniae,
349 4148 391 4191 sc.
407 4129 550 4212 quianon
567 4131 689 4193 duravit
702 4132 830 4196 Joacimi
846 4134 1036 4214 captivitas!

287 4220 398 4282 Mirum
413 4227 524 4295 antem,
540 4239 592 4282 our
608 4219 746 4301 Scaliger
761 4229 794 4283 et
809 4223 936 4285 alteram
951 4224 1160 4287 difficultatem
1174 4230 1305 4299 moveat,
1319 4225 1371 4288 ubi
1386 4226 1469 4290 nulla
1483 4235 1533 4289 est

196 4310 335 4384 Miratur,
351 4327 418 4371 cum
432 4309 494 4372 Jer.
510 4309 561 4384 52,
586 4310 635 4371 ll.
650 4310 931 4375 Nabuchodonosor
945 4313 1084 4376 effoderit
1099 4314 1202 4378 oculos
1225 4311 1389 4391 Sedeciae,
1411 4317 1536 4380 vinxerit

197 4399 324 4473 catenis,
340 4397 501 4461 abduxerit
514 4398 718 4480 Babylonem,
740 4401 904 4481 conjecerit
925 4401 956 4464 in
971 4422 1123 4465 carcerem
1137 4421 1231 4486 usque
1255 4402 1294 4465 ad
1308 4403 1450 4468 ultimam
1464 4406 1536 4469 diem

197 4488 279 4550 vitae
302 4506 389 4550 suae:
414 4507 467 4551 cnr
489 4507 561 4569 ergo
576 4489 639 4552 Jer.
655 4487 715 4563 34,
729 4489 763 4551 4.
779 4489 941 4553 b.-dictum
964 4491 991 4553 ei
1014 4492 1063 4567 sit,
1088 4492 1325 4568 „nonmorieris
1348 4494 1466 4575 gladio,
1488 4496 1537 4558 sed

196 4577 333 4640 morieris
348 4576 380 4639 in
393 4597 469 4658 pace
485 4579 648 4641 secundum
663 4578 899 4643 combustionem
914 4599 1018 4661 regum
1027 4580 1172 4661 majorum
1182 4580 1331 4645 tuorum“.
1355 4581 1455 4656 Quasi
1470 4593 1538 4649 r'ero

198 4685 258 4728 non
272 4666 325 4730 illa
339 4667 407 4747 ipsa
422 4667 452 4730 in
468 4668 604 4730 oratione
618 4668 817 4749 praemissum
831 4669 889 4733 hoc
898 4670 1002 4733 fuerit:
1022 4691 1101 4746 „non
1117 4671 1250 4753 effugies,
1265 4673 1429 4739 inmanum
1444 4676 1539 4739 hostis

198 4755 342 4831 traderis,
364 4755 443 4819 oculi
461 4757 505 4820 tui
520 4757 666 4821 videbunt
688 4776 770 4835 oum,
791 4758 980 4842 Babylonem
1002 4758 1172 4826 introibis“.
1215 4762 1287 4826 Non
1301 4755 1452 4846 'pugnant
1466 4766 1540 4830 ists:
