3142 5482
627 205 707 257 ιιιιιι
726 205 842 257 soteris.
901 214 903 219 ¹
1326 208 1389 270 ιιι

74 378 174 431 Gaudeo
185 380 285 445 disque
310 379 445 445 plurimum
469 388 496 432 ιι
517 382 611 466 assito,
635 392 721 434 muto
730 398 773 434 sos
799 381 957 468 indagandae
977 382 1089 436 veritatis
1108 342 1245 448 cupiditate
1271 345 1390 446 flagrare,

73 465 131 516 qnae
151 452 226 500 rel
220 467 246 501 ιιι
270 464 348 501 saeta
371 463 482 502 errorum
506 454 679 516 opinionumse
704 463 856 518 tempestate
879 456 965 519 quieta
981 462 1028 506 est
1051 461 1078 503 ιι
1096 455 1188 504 liscct
1182 469 1208 502 ιιι
1225 453 1393 510 tenebricae

72 524 141 585 pulsa
161 522 217 572 locs
235 529 323 577 manet
338 529 426 572 tamen
443 523 617 588 splendetque
624 541 676 589 per
687 539 742 574 sose
761 537 874 589 semper,
899 542 980 590 nequo
999 516 1089 575 silenis
1109 522 1148 582 (ut
1159 526 1205 574 ilic
1215 521 1262 585 ait)
1280 538 1390 591 ququam

72 593 182 642 sordibus
206 592 348 643 obsolescit.
384 592 520 645 Multorum
546 594 578 656 ιι
600 605 759 659 argumento
766 597 811 646 iilo
830 595 881 645 vidi
900 596 1029 653 diatribae,
1053 593 1097 644 sed
1116 594 1242 645 homiuum
1260 595 1323 651 iere,
1346 594 1390 658 qul

70 663 92 712 in
110 667 165 727 ipso
182 680 243 733 snox
262 664 347 713 limine
365 664 485 715 aberrant
501 679 528 713 a
535 675 603 715 recto
621 666 711 731 quiqu'o
731 668 757 717 in
771 668 865 731 primis
884 668 1045 718 deflectentes
1062 667 1200 729 principiis,
1218 664 1405 727 labyrinthum

69 735 237 794 innexuerunt
260 734 512 788 anachronhmoram
549 736 664 787 Virorum
689 753 747 787 sero
769 740 795 787 ln
813 740 880 796 omni
898 739 1002 788 historia
1013 739 1178 788 solutatorum
1191 743 1217 785 et
1228 736 1271 799 qui
1283 735 1389 791 sinuosis

69 820 116 853 uon
141 807 230 854 sinunt
252 807 403 858 circumduci
426 801 586 869 ambagibus,
611 809 790 858 velificationes
812 810 935 860 asnaudse
953 817 981 859 ct
998 809 1171 893 suspiciendae
1191 813 1256 855 sunt.
1294 805 1389 866 Quodsi

68 885 154 924 nomm
179 892 230 925 neu
247 890 348 926 sereres
365 874 544 940 impudentiae,
563 891 638 942 qnam
656 878 774 930 ardenter
791 881 848 929 sitio
867 882 995 945 exemplar
1012 881 1124 943 responsi
1142 878 1227 933 rostri,
1245 885 1298 925 tam
1317 878 1390 925 enixo

68 943 220 1010 flagitarem,
238 956 268 996 ut
279 947 347 1000 sitim
366 962 448 996 meam
467 948 565 998 liberali
584 959 669 1000 vestra
685 951 850 1007 humanitate,
868 951 954 1000 milti
945 965 998 1014 Jam
1017 951 1075 1000 olim
1094 951 1231 1011 uimioperc
1249 954 1392 1010 perspecta,

68 1020 248 1081 restingueres.
286 1018 390 1067 Habebo
413 1021 521 1082 gratiam
544 1033 618 1083 qnam
637 1029 723 1084 potero
741 1025 875 1080 maximam
895 1021 988 1086 hocque
1008 1020 1088 1071 oiilcio
1106 1030 1159 1069 tam
1178 1033 1237 1073 me,
1252 1033 1327 1082 quam
1345 1033 1389 1067 noa

67 1088 105 1136 bic
124 1103 215 1138 omnes
233 1090 367 1151 plurimum
387 1088 562 1153 demerebsris.
591 1090 619 1139 id
638 1092 659 1139 sl
676 1093 800 1156 pertinere
820 1092 907 1143 credas
928 1092 961 1141 ad
978 1106 1133 1141 communem
1145 1089 1282 1137 studiorum
1294 1096 1392 1138 nostro·

67 1174 119 1206 rom
146 1160 293 1216 utilitatem,
319 1161 449 1223 exemplar
471 1161 547 1209 alicui
562 1170 684 1211 'nostrum
711 1178 741 1211 ex
766 1163 881 1212 liricensi
906 1164 1012 1228 collegio
1030 1160 1123 1218 trudes,
1149 1162 1169 1210 is
1190 1159 1278 1209 (lcinde
1298 1157 1330 1206 td
1349 1173 1389 1206 mt

67 1231 198 1278 Grastium
213 1233 373 1287 transmittet,
392 1246 440 1295 quo
454 1230 555 1280 tandem
569 1231 600 1281 td
620 1235 749 1296 antiquum
768 1248 881 1282 resersus
901 1249 955 1282 sum
973 1247 1063 1282 munus
1076 1231 1232 1280 Corneliani
1244 1229 1389 1278 studiorum.

67 1301 91 1348 Si
109 1301 172 1364 qnid
191 1302 300 1349 vicissim
318 1304 374 1357 crit,
394 1302 460 1365 quod
476 1317 553 1366 opera
571 1317 629 1352 mea
646 1305 714 1354 robis
734 1319 793 1368 opus
813 1305 855 1361 sit,
874 1303 935 1354 nihil
955 1310 1002 1361 est,
1016 1316 1095 1368 aequo
1107 1302 1173 1367 quod
1185 1303 1277 1393 luciam
1290 1299 1387 1349 lubens.

60 1372 176 1420 ·Gtaccio
194 1371 272 1420 ΧΧιι.
291 1369 352 1435 llaj.
376 1370 450 1422 1614.

710 1446 907 1496 Dominationis
925 1444 1030 1494 Vestrae
1050 1445 1076 1493 in
1094 1443 1153 1493 Chr.
1172 1457 1257 1516 sersus

839 1541 854 1559 e
907 1516 930 1566 J.
952 1515 1097 1569 nestorius.

89 1654 96 1660 ,
156 1600 304 1651 Clarissima
322 1609 348 1652 ιι
367 1602 529 1654 ornatissime
547 1603 609 1658 Vir.
636 1605 691 1655 Pax
710 1605 810 1655 Christi.
841 1578 948 1664 Qnssa.
962 1605 1031 1668 Sept.
1045 1604 1145 1661 dedisti,
1165 1617 1207 1652 eas
1220 1602 1262 1651 inc
1273 1594 1389 1652 Viennae

67 1672 189 1724 hesterno
212 1675 318 1737 primum
343 1674 383 1725 die
409 1677 505 1739 accepi,
529 1678 613 1740 utique
640 1678 796 1741 gratissimas
814 1684 843 1725 nt
860 1689 959 1738 semper
976 1684 1081 1725 vestras.
1117 1675 1224 1730 Indolui,
1234 1672 1345 1737 quando
1359 1688 1391 1722 cx

67 1744 218 1793 lestrarnm
248 1743 322 1794 didici
347 1746 467 1803 lectione,
488 1761 561 1796 meaa
586 1755 638 1795 tam
663 1762 718 1796 sero
742 1753 838 1808 vestras
862 1745 895 1794 ad
918 1759 1007 1795 munus
1032 1748 1108 1795 inisse
1131 1745 1251 1809 perlatas.
1287 1743 1391 1792 Librum

68 1815 211 1866 Casauboni
225 1814 275 1864 sidi
292 1816 419 1882 obiterque
438 1818 561 1881 percurri·
580 1821 632 1882 qni,
649 1817 859 1891 quemadmodum
870 1817 1011 1866 Dominatlo
1028 1817 1121 1878 Vestra
1137 1815 1213 1879 probe
1233 1816 1396 1876 coniectent,
1484 1854 1495 1873 ,

67 1885 127 1935 milti
154 1886 307 1935 modestiam
325 1900 396 1936 suam
416 1904 464 1936 non
480 1888 600 1953 probavit.
636 1889 779 1951 Nimicpere
798 1884 952 1937 exsaturasit
970 1901 996 1936 se
1015 1888 1137 1945 consitiis,
1156 1887 1214 1940 dom
1232 1898 1391 1948 nequaquam

67 1958 150 2004 auimo
162 1956 308 2006 moderatur
320 1973 373 2007 suo
399 1955 520 2008 Omnibus
531 1961 592 2007 miro
607 1958 690 2021 placet
704 1959 813 2007 studium
823 1966 850 2007 ιι
859 1958 997 2023 disquisitio
1011 1959 1132 2015 veritatis,
1142 1960 1230 2019 juncta
1243 1955 1392 2005 modoetiae.

67 2028 228 2077 Acerbum
205 2029 251 2076 siri
264 2029 343 2076 iatum
353 2032 406 2092 jam
416 2029 517 2113 aliunde
528 2030 702 2078 intellexeram
715 2025 796 2088 (mort.
810 2022 836 2078 1
843 2029 894 2079 Jul.
908 2025 994 2091 1614).
1012 2029 1146 2092 Exemplar
1155 2028 1282 2091 Epistolae
1292 2030 1391 2127 scamas

67 2171 233 2233 importunus,
259 2170 280 2218 si
300 2183 374 2219 coner
392 2168 547 2235 cxtbrqnsre.
584 2169 743 2236 Quamquam
762 2173 822 2221 satis
841 2173 901 2221 mihi
919 2173 985 2221 ioret
1002 2171 1101 2220 ridendi
1122 2172 1194 2233 copia
1213 2177 1239 2218 et
1257 2167 1391 2218 desultorio

67 2242 138 2288 ccuio
164 2240 343 2303 perlustrandi.
380 2242 535 2306 Exspectabo
559 2243 613 2305 pari
638 2242 761 2292 desiderio
785 2250 813 2292 et
836 2244 878 2292 slti
902 2243 954 2293 alia
977 2242 1023 2292 ilia
1047 2251 1131 2293 restra
1148 2249 1235 2295 conns
1254 2239 1399 2288 Calvisium-

66 2312 179 2396 itemque
199 2311 306 2374 Eclcgas
324 2311 478 2385 Epistolares
497 2313 634 2362 chronicas.
671 2315 724 2378 Ego
742 2328 783 2362 me
801 2328 854 2380 nou
868 2321 939 2364 tanto
958 2313 1065 2384 digner
1059 2312 1160 2369 honore,
1179 2327 1222 2375 qm
1234 2310 1399 2373 appositione
1488 2364 1493 2373 ²

66 2384 174 2432 nominis
206 2381 391 2432 lucubrationes
419 2392 515 2433 vestras
543 2397 634 2439 omero
660 2385 775 2439 valeam.
813 2382 868 2434 Iilc
892 2386 913 2444 si
939 2384 1024 2448 placet
1046 2376 1191 2447 suppresso,
1220 2381 1392 2432 Canoeilarius

67 2454 219 2509 Graecensis
238 2454 354 2503 sufficiet
390 2448 474 2514 Multa
498 2456 650 2517 jocasolent
673 2470 728 2504 csse
754 2458 780 2505 in
804 2457 943 2518 epistolis,
958 2469 1022 2519 quae
1044 2469 1137 2538 parum
1161 2455 1241 2501 amice
1267 2450 1393 2500 interdum

65 2524 238 2588 divulgantur.
267 2524 353 2588 Spero,
378 2518 440 2574 nihil
464 2526 596 2600 quicquam
615 2526 667 2576 tale
686 2526 739 2575 iore
757 2527 783 2575 in
801 2527 896 2575 restris.
926 2525 986 2576 Sum
1004 2526 1105 2589 piane
1099 2540 1125 2573 ιιι
1143 2524 1279 2586 procinctu,
1304 2528 1334 2569 ut
1351 2531 1392 2569 me

65 2595 96 2642 ad
114 2594 228 2643 reditum
240 2596 365 2644 Graecens
355 2608 408 2643 ern
427 2611 575 2659 comparem.
612 2596 715 2648 Interim
734 2610 835 2653 annum,
854 2611 966 2645 mensem
985 2603 1011 2645 et
1029 2596 1094 2646 diem
1107 2595 1255 2643 Dominicae
1268 2593 1392 2655 passionis

64 2680 143 2730 perge
164 2666 263 2715 invictis
282 2675 394 2715 astruere
414 2669 576 2730 argumentis.
596 2667 652 2716 Stat
670 2675 848 2731 aetemnmque
867 2667 944 2715 stabit
959 2669 1050 2716 veritas
1066 2669 1119 2728 jtrn
1132 2665 1211 2715 clim'
1205 2679 1232 2713 ιιι
1243 2663 1394 2713 Palaestina

65 2736 161 2799 synodo
180 2743 241 2784 ante
262 2735 330 2785 1400
349 2750 427 2785 annos
447 2733 532 2801 (qnae
542 2744 568 2786 ct
585 2738 844 2801 primainitsvnodus
858 2734 996 2801 postillam
1009 2736 1205 2800 Apostolorum),
1224 2734 1389 2784 resurrexisse

63 2789 375 2866 commentariensi
411 2807 484 2858 Prius
503 2809 599 2857 coelum
616 2808 740 2857 moverint
757 2809 816 2858 sede
835 2823 882 2857 sua
899 2817 925 2858 ιι
940 2810 1008 2872 prius
1027 2809 1119 2864 omnia,
1136 2820 1211 2890 quam
1228 2807 1294 2854 diem
1307 2798 1393 2860 istum,

64 2873 105 2942 qn'i
131 2877 285 2927 irrefutabili
310 2879 456 2928 charactere
480 2880 565 2943 signat
589 2879 660 2928 nobis
678 2893 779 2929 annum.
817 2880 844 2930 Si
863 2880 984 2943 epistolae
1006 2886 1105 2930 vestrae
1125 2879 1222 2940 copiam
1240 2888 1393 2939 promerear.

65 2959 91 2997 et
117 2949 194 2997 illam
221 2949 331 2999 fideliter
356 2946 462 3004 Graecia
492 2952 619 3000 seminam
644 2958 671 2999 et
695 2951 901 3001 mathematicam
926 2949 1057 3014 apodixin,
1088 2950 1187 2998 Graecii
1213 2949 1331 3012 ingenti
1329 2954 1393 2995 cunt

65 3021 191 3083 applausu
204 3019 325 3079 habitam,
338 3036 383 3084 pro
394 3034 460 3070 anuo
473 3020 565 3071 Christi
578 3022 658 3071 natali
671 3037 703 3070 cx
714 3014 869 3084 Ephemeriis
882 3020 1045 3085 depromtam,
1057 3020 1164 3069 foenoris
1179 3020 1232 3075 loco
1247 3017 1391 3080 rependam.

66 3090 143 3150 Quod·
159 3105 316 3144 munusnec
333 3094 461 3156 ingratum
480 3092 547 3142 vobis
566 3093 618 3141 iore
637 3108 693 3143 reor
710 3108 757 3142 nec
775 3093 936 3156 injucundum
954 3092 995 3141 sel
1012 3092 1109 3140 inutile.
1138 3089 1189 3139 Sed
1202 3103 1277 3153 cogor
1289 3088 1390 3137 abrum-

65 3176 124 3223 pere
152 3162 224 3209 filum
252 3163 382 3224 epistolae,
407 3165 497 3211 nostris
521 3164 635 3212 Lincinm
659 3163 891 3227 approperantibus.
929 3163 1001 3212 Alias
1025 3162 1138 3210 ulterius.
1176 3161 1275 3217 Liberos
1295 3160 1390 3207 vestras

66 3232 181 3297 digneris
201 3234 355 3283 committere
375 3235 419 3282 uni
437 3227 514 3282 alicui
532 3249 563 3284 ex
581 3236 679 3284 nostris.
716 3234 789 3285 l'aie.
826 3233 926 3284 l'ieuna
942 3233 985 3291 22.
1005 3232 1074 3296 Sept.
1096 3228 1171 3281 1614.

701 3328 703 3330 ’
917 3304 950 3354 Ι).
969 3305 1001 3355 V.
1021 3304 1136 3355 Servus
1131 3319 1156 3351 ιιι
1175 3301 1274 3350 Christo

953 3375 1029 3425 ·J.
1048 3375 1195 3436 Decksrins.

154 3442 196 3493 De
220 3440 272 3493 sita
294 3393 421 3496 Deciani
437 3445 510 3495 haec
526 3445 661 3495 sufficient:
690 3454 764 3496 natus
790 3453 829 3495 est
853 3447 880 3496 in
897 3398 1030 3512 Belgiac.
1049 3458 1073 3494 a.
1096 3428 1171 3501 loco,
1190 3445 1270 3493 literis
1289 3455 1391 3508 operam

66 3515 171 3566 dabat
165 3521 191 3564 ιιι
210 3514 286 3565 ltalia
303 3525 331 3565 et
346 3516 450 3566 redux
443 3533 469 3566 m
487 3520 605 3580 patriam,
624 3530 681 3569 cum
696 3521 749 3581 jam
768 3526 845 3567 antea
861 3520 977 3568 societati
988 3518 1051 3567 Jasn
1062 3520 1219 3573 accessisset,
1237 3515 1391 3599 theologiam

66 3586 183 3636 docebat
221 3587 280 3636 Post
296 3590 439 3637 restitutam
457 3588 532 3638 iidem
550 3587 724 3645 catholicam
718 3604 744 3638 ιιι
761 3590 845 3651 styria
862 3589 1008 3639 cancellarii
1026 3603 1115 3637 munus
1133 3589 1244 3650 suscepit
1260 3588 1295 3641 in
1305 3584 1391 3635 catha

67 3658 116 3707 lica
134 3657 271 3707 academia
280 3659 376 3708 Graotn
395 3658 478 3723 ibique
489 3667 600 3708 mortuns
619 3668 666 3716 est,
679 3669 707 3709 ut
718 3662 871 3724 praemissae
885 3662 973 3708 literae
986 3667 1120 3715 testantur,
1139 3668 1196 3722 post
1208 3672 1301 3706 annum
1315 3656 1392 3712 1614,

67 3743 149 3793 neque
180 3744 253 3786 sero,
283 3744 358 3812 quern
384 3728 462 3778 habet
491 3729 641 3787 Joecherus,
670 3745 734 3780 anno
764 3729 838 3780 1609.
874 3731 944 3784 Idem
966 3730 1107 3782 Jcocherus
1130 3736 1262 3791 recenset,
1289 3736 1391 3791 praeter

66 3801 188 3864 scriptum
215 3801 241 3847 in
265 3801 407 3863 praemissis
433 3801 549 3857 citatum,
575 3800 665 3849 librum
691 3801 721 3850 de
745 3804 861 3865 primario
886 3801 984 3852 ιιιιιιιι
1011 3816 1041 3852 ac
1066 3800 1191 3876 humanae
1217 3799 1390 3882 chronologiae

67 3871 176 3926 vinculo,
196 3871 269 3919 ittam
289 3871 439 3920 Exercitium
460 3870 611 3920 christianae
630 3874 740 3935 pictatis.

156 3937 247 4022 ιὸιιι.
263 3953 323 4019 473.
350 3959 421 4010 Haec
438 3967 464 4013 ιι
476 3973 540 4023 quac
559 3967 696 4024 sequuntur
709 3961 833 4010 Hernarti
851 3960 929 4010 rerba
947 3961 1067 4010 desumsrt
1079 3946 1205 4022 lieplcrus
1223 3973 1252 4006 er
1265 3958 1390 4013 Hernarti
1440 3960 1443 3965 '

67 4030 190 4094 epistolis,
210 4031 300 4093 partim
313 4031 561 4096 germanicspartim
576 4032 756 4096 latinaiingua
774 4033 881 4096 scriptis,
901 4032 1025 4081 eaexhis
1039 4045 1183 4092 excerpens,
1202 4043 1265 4094 quae
1279 4030 1390 4078 Chrono-

67 4103 163 4166 logiam
182 4110 305 4164 spectant.
341 4101 444 4151 Partem
463 4117 560 4159 corum,-
577 4115 640 4165 quac
660 4101 690 4150 de
705 4105 762 4152 aliis
777 4112 857 4167 agunt
872 4102 974 4159 rehuss
968 4118 994 4152 ιιι
1006 4101 1172 4150 voluminibus
1185 4099 1276 4148 1-111.
1291 4108 1389 4148 nostrae

67 4171 204 4222 editionis
204 4173 387 4236 praemisimus,
406 4173 459 4221 alia
476 4181 632 4222 reservantes
637 4171 684 4220 'ad
702 4175 833 4240 sequentia
850 4174 983 4222 solumina.
1021 4171 1072 4221 Ads
1062 4173 1204 4234 scripsimus
1217 4172 1256 4220 ιιι
1266 4171 1390 4220 Herwartl

68 4242 199 4308 epistolis
207 4245 323 4306 paginas,
347 4243 397 4292 uhi
415 4252 455 4300 ea,
473 4258 544 4307 quae
562 4236 610 4293 ιιι
634 4243 727 4293 omissa
749 4252 821 4301 sunto
843 4247 972 4308 leguntur:
997 4246 1057 4293 item
1073 4245 1102 4292 iu
1120 4242 1168 4291 hac
1186 4251 1213 4292 et
1230 4230 1390 4304 sequentihus

68 4313 271 4364 annotationibus
296 4314 375 4363 verba
391 4313 546 4364 Bernarti'
537 4330 596 4378 apsa
613 4329 627 4364 e
645 4317 820 4380 manuscriptis
835 4316 1024 4380 proposuimus,
1048 4329 1095 4364 nec
1113 4330 1163 4362 non
1189 4328 1222 4363 ea
1239 4313 1391 4371 addidimus,

68 4399 130 4449 quae
145 4385 259 4448 Kspieri
276 4393 303 4433 ιι
321 4385 446 4435 limasti
462 4385 582 4449 epistolas
600 4388 712 4450 integras
731 4389 872 4436 restituant.

156 4458 230 4507 Haec
246 4457 325 4519 igitur
342 4456 487 4507 Hersartus
502 4456 626 4520 Kopleso:

155 4528 325 4577 Ehrensester
343 4536 391 4576 etc.
411 4536 458 4576 etc.
496 4528 593 4577 Dcsscn
611 4511 763 4577 Bedonciren
782 4528 830 4577 sud
849 4511 974 4581 caleulum
993 4528 1054 4576 iiber
1073 4499 1120 4576 den
1133 4542 1181 4576 ron
1192 4527 1240 4576 mir
1251 4526 1391 4591 begelrrten

69 4599 202 4650 Puuckten
221 4597 271 4646 hab
291 4598 331 4647 ich
349 4600 510 4681 empiangcn,
529 4598 591 4648 aber
610 4598 673 4648 noch
692 4600 728 4646 nit
746 4599 885 4649 oonicriren
904 4599 1001 4649 ιιιιιιιιιι
1022 4594 1076 4656 (ιιι.
1097 4598 1136 4647 sol
1155 4597 1188 4646 li.
1207 4615 1231 4661 ιι
1250 4596 1313 4654 82..)

122 4708 125 4714 .
156 4670 190 4720 Es
215 4669 280 4718 iusso
303 4670 357 4718 sich
381 4671 452 4718 aines
475 4670 614 4726 serianten,
640 4669 825 4728 Quadratoram
848 4669 1089 4735 Cisculigeiundcn
1115 4683 1146 4717 su
1164 4668 1259 4725 bahem
1285 4667 1333 4717 hab
1353 4670 1390 4717 uit

70 4737 229 4792 unterinsseu
248 4739 344 4797 wdlleu,
365 4739 420 4789 dem
439 4738 522 4789 Herm
541 4740 585 4788 das
604 4740 728 4804 Scriptum
748 4739 942 4800 ιιιιιιιιιιιιιιιιι.ι
