3112 5474
689 252 729 304 Dc
741 252 814 304 Anno
825 251 913 304 Natali
926 251 1024 305 Christi.

271 844 362 908 Anno
379 861 469 905 aerae
486 840 728 907 Christianomm
744 843 977 907 occidentalium
999 844 1156 908 millesimo
1173 843 1397 908 sexcentesimo
1417 850 1507 925 quarta

185 934 233 996 die
252 934 300 994 10.
312 930 456 994 Octobris
479 931 551 994 stilo
568 932 758 1016 Gregoriano
780 953 891 997 novum
913 933 996 997 sidus
1013 935 1126 997 effulsit
1148 934 1275 997 eximiae
1299 932 1477 996 claritudinis
1488 939 1510 993 ιι

184 1021 430 1105 pulchritudinis:
462 1021 543 1103 quod
566 1043 625 1085 non
650 1029 715 1084 tam
739 1023 842 1103 ιιιιιι
867 1023 1019 1097 hominum
1051 1024 1167 1086 corusci
1191 1023 1315 1086 luminis
1340 1023 1511 1095 amoenitate,

184 1131 273 1194 quam
287 1117 406 1174 mentes
429 1110 586 1174 doctorum
608 1112 740 1176 virorum
762 1111 907 1193 temporis
929 1112 1159 1176 circumstantia
1180 1111 1212 1175 in
1229 1132 1262 1175 sc
1280 1112 1441 1175 convertit
1471 1111 1511 1172 lllo

183 1220 311 1282 namque
326 1206 463 1280 temporo
473 1201 616 1281 planetae
633 1201 803 1290 superiores
814 1202 970 1283 congressi
985 1210 1058 1265 sunt
1072 1222 1199 1283 primum
1208 1223 1239 1264 m
1250 1200 1512 1281 Sagittaric,s1gnc

184 1289 295 1371 trigoni
311 1289 406 1370 ignei,
429 1290 509 1371 quod
524 1289 642 1353 initium
658 1297 726 1354 erat
740 1308 838 1354 novae
853 1291 970 1373 periodi
984 1308 1131 1356 annorum
1154 1289 1416 1372 octingentomm
1439 1290 1511 1352 adeo-

184 1398 240 1461 que
261 1379 344 1441 illo
336 1397 403 1460 1pso
426 1379 474 1447 die
498 1376 643 1442 Octobris
666 1380 782 1443 decimo
804 1380 929 1461 planeta
941 1380 1044 1457 Mars,
1067 1381 1200 1452 velocior
1221 1379 1444 1461 superioribus,
1461 1388 1510 1439 ιιι

182 1468 344 1549 posteriori
361 1468 562 1549 superiorum,
583 1468 673 1549 paulo
698 1475 770 1541 ante
793 1469 1037 1550 conjunctomm,
1058 1470 1178 1532 scilicet
1192 1489 1260 1532 cnm
1274 1469 1355 1533 Jove
1373 1476 1439 1531 erat
1455 1486 1509 1530 con·

183 1577 322 1640 gressum
336 1558 466 1642 denique
477 1558 576 1633 stella,
592 1577 682 1640 qnam
692 1558 769 1633 dico,
782 1559 835 1622 illo
850 1560 918 1640 ipso
932 1558 965 1622 in
980 1560 1056 1634 loco,
1071 1559 1123 1622 ubi
1138 1559 1265 1622 stabant
1281 1558 1434 1638 conjuncti
1441 1556 1509 1637 Jupi-

62 1668 71 1682 ’
182 1657 231 1710 ter
247 1655 278 1710 et
292 1648 387 1722 Mars,
404 1647 523 1709 scilicet
537 1646 568 1709 in
587 1643 646 1710 18⁰
662 1646 826 1729 Sagittarii
841 1649 969 1729 primum
984 1649 1051 1710 visa
1067 1657 1124 1723 ιιι,
1140 1644 1229 1711 tanto
1240 1649 1305 1710 fere
1321 1647 1414 1711 altior
1423 1648 1508 1719 Mara

188 1744 333 1819 quantum
348 1738 434 1800 Mars
451 1737 572 1812 aJove,
588 1737 668 1820 quod
684 1740 752 1800 erat
767 1737 972 1819 perexiguum,
988 1737 1133 1800 distabat.
1293 1791 1297 1799 ,

270 1824 415 1907 Quisquis
432 1845 480 1900 es,
503 1824 553 1907 qui
567 1833 743 1906 portentum
760 1827 941 1932 stupendum
957 1827 1051 1889 oculis
1068 1826 1128 1888 tuis
1144 1844 1204 1888 non
1228 1825 1416 1906 adspexisti,
1436 1823 1508 1885 sacen

181 1916 346 1999 imaginare
363 1916 419 1978 tibi
434 1915 703 1996 flagrantissimam
717 1909 837 1978 luminis
853 1915 1019 1997 purissimi,
1043 1916 1143 1978 ventis
1166 1915 1364 1986 validissimis
1385 1914 1507 2015 agimtan

3 2004 10 2019 ‘
86 2047 91 2061 ι
181 2013 213 2068 ιι
229 2012 421 2109 quassatam.
445 2004 517 2067 talis
534 2011 602 2066 erat
616 2005 747 2068 vibratio
763 2005 892 2080 luminis,
908 2006 979 2068 talis
995 2006 1182 2068 fiammamm
1198 2003 1345 2079 ebullitio,
1362 2003 1433 2066 talis
1446 2001 1506 2064 sciu-

181 2093 317 2165 tillatio
308 2095 462 2176 ignivoma
477 2093 679 2174 rapidissima
793 2151 796 2157 .

163 2186 169 2197 '
270 2183 347 2248 Cum
362 2184 455 2287 igitqr
470 2185 544 2265 Imp
561 2182 650 2248 Caes
666 2182 821 2267 Rudolphi
836 2181 889 2259 n,
911 2182 961 2266 qui
977 2190 1049 2246 tunc
1065 2202 1165 2248 rerum
1179 2163 1234 2266 pot
1220 2183 1367 2257 tiebatur,
1383 2177 1508 2260 stipendia

181 2292 328 2337 meterem
349 2273 468 2336 nomine
488 2272 697 2351 mathematici
720 2271 823 2334 aulici:
854 2291 922 2334 cum
942 2272 1075 2335 muneris
1096 2293 1155 2337 mer
1147 2270 1444 2353 contemplatione,
1462 2276 1508 2329 tm

180 2383 252 2426 vero
274 2362 404 2426 maxime
420 2347 636 2425 Monarchae
628 2361 762 2443 imperiis
785 2361 929 2437 adactus,
931 2361 1079 2443 primum
1096 2362 1151 2426 sub
1173 2363 1262 2425 finem
1279 2382 1353 2424 anni
1343 2354 1507 2440 supradicti

181 2453 282 2534 quarti
301 2451 436 2514 libellum
456 2451 600 2515 idiomate
616 2450 793 2524 Teutonico,
808 2458 918 2553 ριιιιι
933 2449 1056 2532 plenum
1071 2459 1238 2515 tractatum
1251 2449 1496 2514 ιιιιιιιιιιι
1412 2454 1496 2509 auton

180 2541 300 2605 nalibus
315 2540 638 2611 Francofordiansibus
654 2540 725 2603 anni
741 2539 846 2601 sexti
837 2560 869 2602 ιι
883 2540 981 2604 lucem
997 2540 1079 2603 dedi:
1109 2562 1168 2645 qqo
1173 2529 1424 2643 magnitudinem
1437 2535 1507 2598 ιιιι

180 2630 240 2712 culi
262 2630 407 2717 divinitus
430 2627 557 2693 exhibiti
533 2636 632 2712 tper
655 2629 904 2692 circumstantias
922 2629 1078 2699 redeuntis
1101 2629 1214 2711 trigoni
1235 2629 1318 2709 ignei
1338 2648 1394 2711 pro
1414 2623 1507 2690 modulo

180 2712 294 2802 ingenii
286 2719 406 2782 aDeo
422 2719 495 2783 mihi
512 2737 650 2782 concessi
641 2718 816 2800 illustravi
826 2718 1099 2801 commendavique.
1126 2718 1202 2784 Com
1212 2726 1316 2781 autem
1325 2718 1407 2781 mter
1416 2724 1508 2779 ceteros

156 2842 159 2849 ·
180 2810 275 2874 etiam
287 2806 451 2871 Helisaeus
466 2807 610 2878 Βόιιιιιι
625 2807 793 2871 medicinae
809 2807 917 2871 doctor
933 2815 965 2870 et
979 2809 1122 2896 physicus
1136 2808 1410 2890 Haganonensium
1424 2806 1456 2868 de
1468 2803 1508 2866 ιιι

179 2899 309 2964 materia
325 2898 460 2961 nonnihil
477 2897 660 2977 scripsisset,
675 2898 764 2979 idque
780 2896 926 2978 scriptum
943 2897 1006 2965 fato
1023 2898 1153 3001 quodam
1168 2897 1270 2961 libello
1286 2917 1356 2960 mec
1369 2892 1508 2960 Teutonico

181 2989 372 3069 subjunctum
396 2986 650 3050 circumferretur:
675 2987 745 3049 hine
768 3005 874 3049 ansam
887 3005 956 3069 ego
979 2987 1091 3068 arripui
1115 2987 1147 3050 in
1166 2986 1269 3050 libello
1287 3006 1355 3049 meo
1371 2986 1474 3058 latino,
1489 2981 1509 3043 ιι

180 3078 316 3140 rationes
343 3076 464 3140 Rdslini
487 3075 630 3139 libertate
659 3074 871 3158 philosophica
899 3076 1068 3158 inquirendi
1098 3096 1210 3158 easque
1240 3075 1421 3143 ventilanda
1458 3072 1509 3136 bor

182 3165 300 3233 censuit
320 3165 466 3229 Ro'slinus
488 3166 546 3229 hoc
566 3165 720 3234 intactum
743 3165 1060 3246 praetermittendum:
1091 3186 1127 3229 ac
1149 3167 1255 3229 oblata
1278 3165 1438 3229 occasione
1452 3178 1509 3226 anno

99 3259 102 3268 '
184 3255 277 3320 1609.
294 3274 361 3318 ιιι
377 3255 413 3317 de
426 3254 556 3318 Cometa
571 3255 642 3317 anni
660 3248 753 3318 1607.
770 3253 927 3339 scriberet,
941 3255 1133 3336 potissimam
1147 3254 1216 3318 libri
1232 3262 1355 3337 partem
1371 3249 1510 3317 refellendo

181 3364 248 3431 meo
265 3351 402 3407 tractatu
418 3345 456 3407 de
472 3344 564 3408 stella
579 3364 659 3406 nova
675 3343 850 3423 consumsit.

204 3487 205 3491 ,
268 3435 415 3498 Feceram
438 3443 541 3498 autem
555 3433 599 3496 illi
614 3453 681 3497 meo
696 3420 810 3496 libello
823 3441 854 3495 et
870 3432 1069 3515 appendicem
1083 3433 1120 3496 de
1137 3431 1254 3497 Christi
1271 3431 1439 3497 servatoris
1453 3448 1513 3493 anno

182 3522 333 3599 natalitio,
348 3531 449 3589 motus
464 3524 523 3586 bae
538 3543 587 3598 re,
589 3523 689 3627 quod
705 3521 887 3598 viderem,
863 3544 889 3585 ιι
905 3530 1077 3598 constaret,
1098 3523 1206 3585 Jesum
1222 3521 1382 3587 Christum
1396 3517 1515 3584 natunl

183 3620 237 3678 aut
259 3611 279 3675 ὅ
302 3613 389 3676 annis
413 3620 485 3676 ante
500 3612 679 3695 principium
700 3632 790 3699 aerae
812 3620 954 3688 nostrae,
975 3632 1065 3694 quam
1087 3613 1125 3676 ab
1148 3612 1361 3675 incarnatione
1379 3627 1516 3674 censemus

180 3721 356 3786 perperam,
378 3703 487 3765 stellae
510 3722 623 3776 novae,
646 3702 683 3765 de
706 3722 765 3783 qua
787 3701 1026 3777 commentabar,
1049 3721 1117 3764 cum
1137 3700 1191 3764 illa
1206 3702 1312 3778 stella,
1335 3721 1413 3784 qnae
1432 3698 1517 3800 Magis

182 3789 332 3879 apparuit,
349 3810 503 3868 commune
518 3792 576 3855 hoc
592 3792 733 3866 futurum,
749 3791 828 3872 quod
843 3799 971 3895 utraque
988 3790 1275 3872 cumcoqjunctione
1286 3810 1401 3870 magna
1415 3786 1517 3871 superi·

182 3901 266 3945 orum
280 3881 481 3962 planetamm,
502 3881 562 3944 tali
575 3880 703 3962 quidem,
725 3900 802 3962 qnae
817 3879 995 3962 principium
1011 3881 1127 3943 faceret
1142 3899 1239 3944 novae
1254 3881 1376 3962 periodi
1391 3895 1519 3944 annorum

183 3970 426 4051 octingentomm
442 3992 461 4032 a
475 3970 621 4054 trigonq
613 3988 711 4051 rgneo,
727 3969 919 4034 coincideret.
999 4006 1006 4021 ·

269 4060 374 4122 Motus
397 4059 489 4140 igitur
511 4059 648 4140 exemplo
666 4056 841 4134 Censorini,
864 4080 914 4142 qm
905 4058 1000 4121 clim
1023 4058 1231 4140 gratulaturus
1254 4078 1309 4123 suo
1327 4053 1368 4132 Q
1386 4055 1520 4123 Caerellio

131 4194 134 4198 -
184 4152 221 4214 de
238 4150 286 4213 die
302 4149 398 4213 natali
414 4149 573 4212 materiam
589 4147 760 4211 censuisset
775 4148 930 4243 idoneam,
953 4168 1013 4230 qna
1028 4168 1132 4215 omnes
1148 4149 1280 4212 omnium
1295 4149 1433 4231 gentium
1446 4165 1521 4210 acras

182 4259 241 4303 nno
265 4239 352 4320 quasi
374 4238 518 4302 fasciculo
542 4239 703 4319 colligatas
727 4239 765 4300 ob
782 4239 885 4300 oculos
908 4220 1066 4302 exhiberet
1088 4257 1183 4320 ecque
1205 4239 1310 4302 labore
1331 4238 1523 4341 cognitionem

182 4337 352 4411 temporum
374 4329 551 4409 adjuvaret,
573 4347 634 4390 nou
658 4327 787 4389 alienum
810 4349 829 4390 a
851 4346 917 4391 meo
940 4328 1098 4410 proposito
1121 4328 1185 4390 fore
1195 4327 1350 4408 judicavi,
1374 4329 1401 4391 si
1423 4327 1522 4408 etipse

182 4418 317 4482 natalem
333 4419 403 4480 novi
419 4417 537 4493 sideris,
554 4425 672 4499 atquae
683 4436 750 4480 cum
765 4417 816 4479 illo
833 4417 1005 4480 coincidens
1022 4423 1094 4481 tunc
1109 4417 1332 4494 revertebatur,
1349 4416 1525 4499 triplicitatis

181 4508 290 4589 igneae
315 4501 391 4589 (qna
412 4507 569 4588 geminata
590 4506 768 4569 celebritate
788 4505 874 4570 Deus
898 4506 970 4588 Opt.
986 4507 1070 4569 Max
1095 4507 1244 4589 quendam
1267 4510 1357 4590 quasi
1375 4507 1508 4572 clavum
1501 4525 1526 4569 ι

184 4616 323 4678 supremo
339 4597 424 4670 coelo
440 4597 558 4671 fixerat,
574 4597 671 4659 lustro
686 4615 797 4677 magno
814 4596 1057 4677 octingentomm
1073 4616 1219 4660 annorum
1235 4599 1373 4674 condito,
1394 4597 1528 4679 ludosque

184 4687 279 4750 veluti
295 4686 449 4749 seculares
466 4694 498 4748 et
513 4685 689 4767 spectacula
710 4685 743 4747 in
758 4686 837 4748 circo
854 4685 981 4749 coelesti
1003 4705 1057 4748 sen
1071 4685 1305 4767 planetadromo
1326 4708 1439 4770 magno
1455 4686 1530 4770 genti

185 4776 334 4847 humanae
354 4794 410 4863 per
434 4774 537 4842 orbem
552 4783 702 4843 terramm
727 4774 899 4856 dispersae,
922 4775 1093 4856 cumprimis
1116 4794 1187 4838 vero
1209 4775 1264 4852 iis,
1288 4779 1401 4862 quibus
1417 4778 1469 4860 J'us
1489 4785 1533 4840 est
