3134 5482
460 144 462 155 ⁴
546 180 654 245 Eelogae
680 175 825 245 chronicae.
945 194 950 223 ⁸
1284 184 1346 242 437

113 350 169 415 Sin
193 358 298 416 autem
328 353 502 429 existisnaa
535 355 630 430 etiam
658 374 749 419 arne
775 354 894 436 aliquid
921 353 1092 437 superaddi
1122 374 1237 437 mssa,
1264 355 1349 437 quod

34 440 169 505 fortassis
191 442 294 523 ipsum
318 442 413 505 etiam
437 441 648 526 Epiphaniam
672 444 818 521 latuerit,
847 462 943 525 quam
969 443 1150 524 opinionem
1172 443 1277 513 nullus
1300 451 1349 507 est

31 530 292 595 memoratarum
322 529 376 612 qui
403 530 443 595 de
465 551 499 595 se
520 531 591 613 ipso
613 553 678 595 non
700 531 940 616 praesumserit:
964 550 1023 611 age
1043 550 1094 594 me
1115 530 1241 610 audias,
1271 552 1347 614 quo·

30 618 120 683 modo
152 628 289 701 quatuor
316 618 375 682 illa
404 619 558 702 paschata
580 618 749 688 Chemnitii
771 620 914 709 redigam
944 620 977 684 in
999 619 1072 682 tria.
1118 618 1256 683 Primum
1276 618 1348 686 aab·

26 706 128 772 scribo
151 727 232 770 oum·
246 707 778 794 Chemnitio'seutentiaelr'enaei,
803 713 870 773 tres
898 709 1020 792 priores
1037 706 1261 788 ’Evangelistas
1283 729 1349 772 non

25 796 116 860 valde
138 814 267 860 curasan
288 795 433 860 ordinem
455 796 610 861 dictorum
626 805 659 862 et
674 798 834 870 factorum·
845 796 972 874 Christi,
996 795 1054 860 sed
1077 796 1182 877 potitus
1197 795 1237 859 de
1253 795 1348 860 rebus

23 886 99 969 ipsis
121 885 219 948 frume
241 883 402 964 sollicitos,
427 905 509 968 quae
531 905 588 969 per
610 906 645 949 se
667 886 827 951 sufficiunt
849 886 892 949 ad
906 890 1051 948 nostram
1072 884 1225 962 salutem3
1248 883 1346 952 loan-

22 994 95 1036 nem
120 994 204 1055 pero,
229 973 282 1054 qui
302 972 413 1037 ultimo
435 974 570 1057 scripsit,
593 974 626 1037 id
645 975 767 1057 consilii
790 973 947 1052 habuisse,
971 979 1007 1040 ut
1025 970 1189 1037 historiam
1205 972 1347 1054 Erange7

21 1063 119 1126 licam
150 1061 360 1141 distingueret
384 1063 552 1127 'sumbone
569 1070 755 1146 temporum
780 1070 813 1128 et
835 1063 951 1128 omis'sa
976 1061 1155 1145 suppleret,
1188 1063 1307 1143 scripta
1329 1084 1349 1125 a

20 1152 138 1216 ceteris
164 1149 389 1231 utplurimum
418 1151 588 1233 omitteret.
634 1152 704 1216 Etsi
731 1151 899 1234 polliceor,
930 1171 981 1213 me
1008 1150 1069 1214 hoo
1096 1150 1253 1214 axiomate
1283 1146 1348 1213 non

21 1239 205 1317 abusurum,
218 1239 290 1302 nisi
312 1248 425 1303 contra
440 1239 752 1305 Audreansiaudri
775 1233 930 1317 duritiem,
955 1241 1016 1320 qui,
1040 1238 1196 1302 uelatum
1213 1258 1348 1319 unguem

20 1328 62 1392 ab
93 1326 209 1391 ordine
239 1327 520 1408 Evangelistarran
544 1327 704 1409 discedat,
739 1329 890 1412 pleraque
924 1328 1011 1402 dioto
1042 1334 1074 1390 et
1106 1326 1193 1391 laeta
1229 1326 1349 1393 Christi

20 1415 176 1499 duplicat,
201 1423 237 1480 ut
258 1418 445 1500 ejectionem
467 1419 639 1500 ementium
662 1425 694 1481 et
716 1418 917 1482 rendentimn
940 1436 958 1480 e
978 1415 1110 1499 templo,
1134 1414 1218 1496 quod
1237 1414 1348 1480 Chem·

20 1508 120 1573 nibus
143 1507 177 1568 in
199 1503 261 1569 hao
284 1503 418 1568 historia
439 1506 591 1583 imitatur,
616 1500 687 1572 cum
708 1507 741 1569 iu
762 1526 879 1588 genere
906 1504 1057 1582 affirmet,
1086 1501 1258 1583 absurdam
1281 1524 1349 1569 esse

20 1594 210 1658 harmoniae
239 1588 449 1659 instituendae
478 1594 632 1661 rabonem
649 1604 691 1661 ‘ct
718 1594 890 1659 ‘consensui
919 1591 1016 1658 totius
1046 1591 1245 1674 antiquitatis
1275 1612 1348 1657 con-

20 1684 210 1762 trariam.*)
681 1733 684 1741 .
1065 1714 1068 1719 -
1322 1728 1323 1733 ,

115 1770 184 1852 Ego
211 1771 319 1852 itaque
349 1767 464 1835 testeam
492 1770 572 1838 illud
602 1772 696 1837 Joou.
721 1779 750 1835 5.
781 1790 980 1854 nequaquam
1007 1789 1068 1852 pro
1094 1788 1159 1832 uno
1186 1785 1226 1832 ex
1248 1767 1348 1834 tribus

20 1859 209 1924 solennibus
227 1856 363 1943 babeo,
390 1860 450 1923 sed
469 1880 529 1942 pro
556 1862 697 1946 phurim,
729 1860 813 1944 quod
841 1860 912 1924 ideo
934 1879 998 1922 uon
1029 1858 1172 1921 nominat
1193 1855 1347 1933 loannes,

20 1949 98 2031 quia
120 1949 155 2012 in
170 1949 294 2013 Graeca
314 1947 422 2028 lingua
443 1950 553 2012 tritum
568 1972 632 2016 non
655 1956 734 2037 erat,
758 1956 794 2014 ut
809 1947 940 2032 pascha,
964 1946 1161 2028 scenopegia,
1187 1946 1347 2010 encaenia.
1415 1976 1416 1979 ¹

20 2037 172 2101 Christis
194 2038 283 2102 enim
311 2040 447 2121 majores
477 2037 588 2117 habuit
623 2040 765 2104 rationes
799 2036 937 2101 adeundi
967 2041 1092 2112 coetus,
1128 2054 1223 2116 quam
1256 2033 1349 2115 vulgo

20 2126 238 2204 ludaeorum,
262 2131 295 2188 et
317 2146 390 2190 vero
405 2124 611 2211 «ierosolymis
633 2129 670 2191 in·
685 2126 854 2210 metropoli
876 2124 996 2210 nullum
1017 2125 1132 2187 festum
1146 2123 1223 2204 sine
1245 2130 1347 2197 coetu,

20 2213 216 2299 praesertim
231 2215 262 2278 in
278 2213 408 2296 templo.
439 2214 675 2300 Frequentiam
687 2218 782 2298 igitar
798 2214 942 2286 Christus
965 2212 1062 2277 etiam
1077 2213 1110 2275 iu
1125 2210 1207 2275 festo
1223 2210 1349 2294 pbmim

20 2303 158 2380 invenit,
187 2323 252 2366 non
280 2304 383 2366 miuus
411 2323 507 2385 quam
532 2307 565 2370 in
593 2306 752 2370 encaeniis
777 2302 864 2386 (Joh.
892 2309 930 2366 10
964 2323 993 2365 v.
1018 2302 1084 2379 22).
1131 2300 1235 2364 Causa
1262 2319 1347 2375 vero,

20 2413 80 2456 cur
103 2391 234 2456 omnino
257 2412 375 2473 negem,
395 2392 509 2456 festum
529 2395 589 2459 hoc
612 2396 708 2458 tuisse
729 2392 851 2476 pascha
870 2397 925 2454 aut
941 2394 1218 2474 pentecosten-aut
1238 2408 1348 2461 sceno·

20 2482 165 2566 pegiam,
197 2480 265 2545 tluit
289 2488 497 2563 exsusoepte
527 2484 695 2547 axiomata.
741 2483 822 2546 Nam
845 2482 872 2544 si
893 2479 1034 2551 loannes
1063 2476 1227 2541 consilium
1254 2479 1347 2559 cepit,

20 2569 238 2650 distinguendi
259 2568 425 2635 historiam
447 2569 668 2652 Evangelicam
691 2573 784 2636 certis
807 2567 970 2634 limitibus:
994 2566 1086 2629 nimis
1110 2573 1196 2629 certe
1219 2564 1350 2630 obscure

20 2657 148 2742 pascha
175 2657 333 2739 quoddam
361 2659 487 2722 nomine
514 2661 599 2725 nudo
625 2662 697 2724 t'esti
724 2658 893 2744 expressit,
923 2654 1039 2744 oblitus
1065 2655 1114 2717 sui
1140 2653 1261 2718 consilii
1288 2673 1347 2717 nee

20 2749 182 2828 cogitans,
208 2767 329 2810 aunum
353 2746 449 2810 uuum
476 2748 525 2812 vel
553 2770 734 2814 accrescere
763 2749 813 2812 vel
837 2744 1005 2818 decedere,
1035 2748 1129 2825 prout
1155 2741 1275 2823 pascha
1297 2744 1347 2805 vel

21 2858 88 2900 non
108 2834 233 2919 pascha
251 2835 308 2899 sub
328 2835 387 2915 hoc
406 2837 479 2902 festi
501 2837 662 2902 vrioabulo‘
676 2837 943 2902 intellexerimus.¹
957 2832 999 2895 Et
1017 2830 1092 2913 quid
1112 2831 1249 2905 attinuit,
1273 2830 1347 2895 festi

21 2925 182 2990 commimi
204 2925 400 3001 nominanti
423 2926 456 2989 in
477 2928 620 3007 notanda
642 2927 794 3011 temporis
816 2922 1063 2998 ouorimstantia,
1088 2920 1114 2984 si
1135 2918 1349 3009 suppetebant

21 3012 184 3078 vocabula
206 3014 360 3095 proprias
381 3015 513 3096 paseha,
539 3018 739 3099 sceiiopegia,
763 3013 938 3078 encaenia?
965 3009 1079 3081 Fallor‘
1095 3028 1137 3070 an
1158 3007 1219 3071 hoc
1240 3008 1350 3072 colunt

21 3103 133 3166 dicere
153 3102 383 3182 harmonistae,
408 3102 565 3168 «loannem
586 3107 687 3188 ipemn
709 3106 887 3186 ignorasse,
916 3098 1077 3181 quodnam
1099 3096 1249 3160 tastonam
1270 3096 1349 3159 illud

21 3201 108 3255 esset
137 3190 271 3271 ldebque
300 3192 425 3271 generis
455 3195 579 3258 nomine
600 3215 690 3258 usum
713 3194 803 3256 esse?
836 3191 905 3255 Hoc
926 3190 953 3252 si
980 3186 1147 3266 dixerint,¹
1158 3187 1225 3268 jam
1251 3204 1349 3266 porro

21 3302 88 3344 nou
113 3277 373 3360 Joarrnestipsos,
395 3278 453 3365 sell
474 3282 536 3365 ipsi
557 3282 714 3346 Joanneru
743 3271 919 3357 docebimt3
948 3276 1105 3340 desistant
1121 3273 1227 3355 igitur
1250 3294 1271 3336 a
1292 3293 1348 3337 aur)

21 3371 193 3440 axiomata,
218 3366 374 3441 loannem
396 3368 606 3436 distinotionis
629 3392 724 3435 eausa
751 3366 932 3452 scripsisse:¹
957 3366 1023 3440 ¹imo
1046 3385 1119 3428 vero
1134 3358 1202 3426 'hoc
1224 3362 1351 3429 axioma

21 3458 262 3540 arnplectaoun
283 3459 388 3539 potius
403 3464 437 3521 et
450 3459 528 3523 illud
550 3460 708 3538 deserant,
732 3457 891 3522 loannem
903 3455 1026 3538 pascha
1048 3452 1208 3535 quoddam
1222 3453 1350 3523 nomine

21 3550 96 3612 testi
120 3547 293 3613 oscitanter
316 3549 520 3630 expressisse.
565 3549 640 3613 Tria
660 3550 756 3632 igitur
778 3548 811 3611 in
825 3545 959 3629 'loanne
981 3549 1055 3606 eunt
1076 3541 1243 3623 paschata,
1269 3559 1350 3622 quae

21 3652 83 3722 ego
101 3635 273 3720 Epiphanii
287 3634 381 3705 ductu
396 3638 429 3700 iu
445 3638 545 3701 annos
562 3642 612 3718 74,
631 3643 685 3716 75,
702 3641 754 3700 76.
775 3635 920 3712 consero,
942 3631 1095 3714 pluraque
1111 3649 1191 3710 nego
1206 3628 1351 3723 incidisse

22 3730 55 3793 in
72 3726 284 3790 ministerium
297 3726 422 3802 Christi,
443 3726 578 3791 confisus
594 3727 783 3791 auctoritate
795 3723 938 3799 Joannis,
963 3721 1015 3801 qui
1030 3718 1239 3813 (intinctionis
1254 3735 1351 3814 causa

22 3817 172 3899 scripsit3
202 3813 362 3883 retulisset
376 3815 479 3897 'igitur
508 3812 646 3898 quatuor
676 3813 845 3897 paschata,
876 3810 904 3873 sl
926 3815 1063 3891 quatuor
1091 3807 1243 3870 servaret.
1288 3803 1350 3867 Ubi

22 3907 124 3989 igitur
146 3900 224 3967 illud
248 3906 375 3987 pascha,
399 3904 533 3986 inquies,
558 3905 686 3987 quando
710 3901 854 3984 discipuli
877 3898 1078 3962 ambularunt
1100 3913 1159 3977 per
1181 3900 1260 3970 sata,
1285 3893 1350 3956 vel·

22 3996 130 4059 lentes
159 3994 287 4076 spicas?
315 3995 393 4058 ltioo
415 3995 448 4058 id
470 3994 564 4057 titisse
585 3988 659 4078 post
687 3993 822 4074 primum
851 3988 970 4072 paseha
991 4005 1075 4048 anno
1100 3984 1352 4063 talentumque

23 4104 96 4149 esse
119 4083 153 4146 in
175 4081 308 4163 Judaea,
332 4104 396 4148 non
419 4084 451 4147 in
474 4080 629 4147 Galilaea.
676 4080 815 4146 Nam-in
837 4077 962 4141 Judaca
984 4093 1040 4157 per
1064 4092 1158 4153 egros
1179 4070 1287 4138 ibatur
1309 4071 1351 4149 ab

23 4193 90 4238 uno
114 4173 183 4235 vico
197 4171 246 4256 ¹ad
262 4173 374 4236 alium:
398 4171 431 4235 in
447 4171 591 4235 Galilaea
609 4169 728 4253 oppida
750 4169 863 4232 crebra
885 4168 970 4250 circa
992 4170 1138 4242 stagnum
1153 4159 1352 4225 Gerresarcth

23 4270 58 4326 et
74 4260 118 4324 ad
135 4262 237 4342 ripam
253 4260 403 4325 iordanis
419 4261 520 4324 vicina
535 4257 696 4324 habebant
710 4258 848 4333 deserta,
858 4252 1059 4329 solitudines,
1078 4257 1202 4313 montes
1218 4248 1350 4322 steriles,
1462 4308 1465 4312 .

22 4353 57 4416 in
81 4370 167 4434 quae
191 4349 334 4415 Christus
361 4349 475 4414 erebro
504 4372 537 4416 se
561 4347 718 4414 subduxit.
764 4345 876 4410 Ibatur
903 4344 998 4424 igitur
1017 4338 1065 4427 'de
1093 4339 1162 4403 loco
1189 4337 1352 4400 inlocum

23 4449 81 4510 aut
106 4437 240 4503 navibus
263 4449 318 4506 aut
345 4459 402 4523 per
425 4437 554 4504 deserta
576 4445 611 4503 nt
633 4436 810 4520 plurimiun.
857 4431 944 4498 Haec
966 4429 1051 4494 addo
1078 4425 1353 4494 verisimilitbdinis

108 4640 134 4704 ‘l
166 4649 204 4697 At
225 4660 273 4695 cur
295 4657 346 4696 non
365 4641 450 4703 etiam
477 4640 618 4708 triplicant
644 4638 715 4691 hanc
742 4631 897 4699 historiam,
928 4631 949 4685 si
972 4630 1087 4687 oninium
1109 4623 1353 4711 Evangelistarum
1388 4685 1390 4693 Ι

24 4726 120 4794 apices
143 4723 278 4778 tenendi?
324 4728 326 4732 '
373 4755 375 4761 -
590 4715 593 4721 “
818 4728 821 4736 ι
1226 4709 1231 4725 .
