3142 5476
111 202 113 207 '
235 230 297 300 ιιι
423 200 427 207 ’
702 244 1091 311 ιιιιιιιιιιιιιιιιιιι

236 389 343 477 (quem
355 392 429 458 his
419 391 495 475 rpaia
509 391 546 466 L
556 387 697 457 Cornelio
713 394 746 450 et
764 387 818 453 (ln
827 357 962 452 Domitio
978 386 1064 454 (loss
1080 385 1153 452 alibi
1168 387 1213 452 ιιι
1222 403 1334 469 pacem
1349 404 1418 450 cum
1431 384 1545 449 Bomari

236 485 362 559 iecisse,
386 501 452 547 cum
466 481 547 545 bello
563 484 738 563 superasset
753 475 907 541 Samnites
923 483 955 542 et
964 472 1150 560 Lucanos)'
1140 497 1171 540 ιι
1186 477 1300 559 proelio
1316 484 1427 540 contra
1439 475 1545 539 Brutti<

234 581 267 637 et
280 573 422 636 Lucanos
438 570 631 635 interfectum
646 586 729 631 esse:
752 567 784 630 id
798 567 959 631 verisimile
975 574 1040 643 ιιι,
1061 564 1152 649 paulo
1168 572 1240 670 post
1254 582 1361 648 pacem
1377 562 1446 629 cnm
1460 563 1545 628 Romr

196 675 199 681 ’
233 663 281 725 nis
303 662 409 725 initam
431 659 604 740 contigisse
648 656 696 720 Ac
719 676 785 722 cum
802 657 1032 761 sequentianno
1049 664 1164 720 certum
1187 656 1228 719 sit
1250 656 1476 738 appariturum,
1499 654 1545 717 Alr

232 751 381 815 xandmm
395 751 454 812 hoc
468 767 546 812 anno
561 749 591 810 2.
602 745 650 810 Ol
667 744 764 812 cxlx
778 746 920 828 periisse,
943 754 1058 810 certum
1074 746 1168 809 etiam
1182 744 1239 821 ιιι,
1260 747 1318 821 hoo
1341 764 1422 809 anno
1437 744 1545 808 Alexar

234 841 330 904 driam
345 839 513 913 conditam,
534 857 595 900 non
608 835 701 917 igitur
721 835 754 897 hi
770 835 857 925 (losa.
871 835 907 900 L.
923 835 1081 900 Cornelius
1098 843 1130 898 et
1146 834 1201 900 Gn.
1216 835 1383 910 Domitius,
1405 832 1545 917 quibusil

231 947 338 1012 pacem
353 948 420 993 cum
434 927 580 990 Romanis
595 924 676 999 fecit,
692 925 831 989 deorsum
845 933 974 1008 possunt
988 926 1102 990 moveri
1115 926 1198 989 ultra
1213 943 1323 989 annum
1337 924 1457 987 mortis

321 1018 360 1082 A.
376 1016 432 1082 Oh
448 1017 521 1091 324.
556 1015 635 1080 Νιι.
656 1013 730 1079 424.
754 1015 803 1078 12.
818 1016 897 1078 Νοι.
935 1014 1050 1079 Sextus
1071 1015 1241 1080 Alexandri
1261 1015 1292 1078 in
1313 1014 1486 1097 Babylone
1527 1011 1545 1075 A

232 1107 442 1172 Alexandrum
462 1104 680 1188 Babylonem
672 1121 840 1184 mgressnm
862 1113 1068 1169 convenerunt
1089 1106 1259 1186 legationes
1282 1105 1414 1168 omnium
1435 1101 1545 1184 gentiur

234 1196 328 1260 Brevi
342 1203 415 1277 post
428 1196 570 1270 moritur,
592 1194 640 1257 die
657 1192 708 1257 28.
723 1195 829 1257 Daesii
848 1195 975 1271 meusis;
998 1195 1182 1258 antecedit'
1173 1216 1201 1257 ιι
1221 1194 1286 1258 dies
1298 1194 1454 1260 ludicrum
1470 1191 1545 1274 Olyu

101 1280 120 1297 ”
233 1286 341 1368 picum.
377 1285 421 1348 Bt
436 1295 537 1349 tamen
552 1283 739 1387 Porphyrius
760 1292 853 1347 vocat
871 1284 950 1348 hhnc
973 1304 1083 1349 annum
1104 1285 1230 1368 primum
1246 1282 1293 1346 Ol.
1310 1283 1425 1347 CXIV.
1461 1283 1545 1345 'labo

233 1375 352 1456 Regum
365 1375 532 1466 Babylonis
555 1375 594 1437 ab
613 1372 700 1436 initio
715 1372 924 1439 Nabonassarl
946 1375 985 1438 ad
1005 1376 1094 1437 finem
1115 1393 1208 1456 nsque
1227 1373 1399 1437 Alexandri
1421 1379 1545 1453 compat

233 1484 329 1528 annos
345 1463 425 1538 424,
447 1471 521 1547 quot
542 1463 634 1526 etiam
655 1462 770 1526 vides
761 1484 793 1527 m
808 1464 965 1539 lemmate,
985 1472 1059 1547 quot
1081 1471 1113 1527 et
1127 1464 1320 1532 Ptolemaeus
1342 1468 1494 1525 numerat
1536 1461 1545 1522 1

235 1553 346 1616 desinit
369 1553 419 1616 hic
440 1554 547 1617 tabula
574 1552 637 1622 ista
663 1552 743 1632 apud
770 1552 941 1616 Eusebium
975 1555 1093 1658 ltaque
1114 1553 1310 1616 Ptolemaeus
1339 1570 1452 1615 noram
1477 1569 1545 1614 aera

188 1713 191 1723 ,
234 1666 253 1706 a
267 1650 364 1709 morte
379 1642 548 1712 Alexandri
570 1639 707 1717 deducit,
729 1660 818 1723 quam
834 1655 1025 1706 successores
1047 1643 1111 1724 ejna
1124 1642 1246 1705 Arabes
1260 1649 1301 1704 et
1316 1640 1459 1706 Graecus
1474 1641 1545 1703 Ther

234 1741 267 1795 et
283 1731 467 1807 Censorinus
491 1726 594 1813 (Scal'
610 1730 661 1793 iol.
677 1725 758 1812 398)
779 1751 901 1795 aeram
915 1733 1077 1814 Philippi
1092 1731 1246 1807 dixerunt,
1269 1731 1424 1813 quiscum
1444 1750 1484 1792 ea
1507 1749 1545 1792 ιιι

233 1822 365 1884 cessitin
376 1820 500 1902 imperio
510 1819 709 1883 Macedoniae
718 1821 898 1900 praesertim
907 1821 1065 1902 Philippus
1074 1821 1273 1895 Arrhidaeus,
1288 1820 1460 1885 Alexandri
1476 1820 1545 1881 fratr

237 1918 238 1923 ’
320 1911 359 1975 Α.
375 1909 431 1974 ch.
446 1910 520 1973 320.
544 1908 621 1971 Bed
637 1908 709 1972 218.
733 1909 931 1972 ΡιοΙιιιιιιιι
943 1910 1018 1973 duce
1034 1910 1185 1973 Nicanore
1203 1910 1413 1992 coelesyriam
1427 1917 1462 1972 et
1475 1910 1545 1973 Pru

235 2001 322 2063 nicea
339 1999 463 2080 imperio
480 2018 534 2061 sno
550 1998 664 2078 adiicit,
679 2006 770 2078 capto
785 1997 994 2062 Laomedonte
1009 1997 1118 2080 Syriae
1132 2000 1298 2081 praefecto.
1327 2080 1329 2083 .

325 2086 415 2159 Quod
430 2106 503 2169 ergo
517 2087 670 2168 Josephus
686 2087 807 2164 scribit,
830 2109 849 2150 a
862 2088 1040 2152 Ptolemaeo
1063 2094 1212 2170 occupata
1234 2109 1303 2152 esse
1317 2088 1526 2170 ierosolyma,
1544 2107 1545 2115 ¹

231 2178 383 2242 Eusebius
406 2185 439 2239 et
459 2196 498 2238 ex
514 2195 549 2239 eo
566 2175 719 2257 Scaliger,
741 2176 912 2257 Buntingus
928 2185 960 2239 ιι
980 2177 1030 2239 alii
1045 2178 1104 2240 hac
1119 2178 1312 2264 expeditione
1333 2176 1449 2240 lactum
1469 2177 1545 2240 exist

233 2275 335 2342 mant,
358 2266 414 2329 sed
428 2284 596 2347 perperam.
632 2266 699 2327 Hoc
721 2265 800 2328 enim
822 2285 900 2329 anno
915 2265 1140 2329 Ptolemaeus'
1132 2286 1197 2348 rpse
1219 2268 1251 2330 in
1267 2264 1388 2348 Syriam
1411 2287 1474 2330 nou
1488 2271 1545 2328 ιιι

139 2404 142 2417 .
167 2378 169 2381 ¹
232 2356 404 2437 mansitque
418 2354 545 2418 ‚Iudaeis
561 2353 775 2437 qualiacunque
791 2355 930 2430 libertas,
949 2374 1040 2437 qnam
1061 2356 1100 2418 ab
1112 2357 1291 2420 Alexandro
1313 2357 1545 2463 impetratamp

234 2463 330 2509 annos
349 2446 388 2506 12
403 2444 613 2524 possederant,
628 2461 721 2525 usque
736 2451 809 2525 post
823 2461 919 2507 annos
935 2444 1043 2507 abhinc
1058 2445 1105 2509 8

318 2535 359 2598 A.
370 2532 425 2596 Ch
441 2533 516 2596 318.
537 2534 604 2596 Boo
620 2532 737 2595 demum
752 2553 831 2596 anno
847 2533 876 2597 6.
891 2541 963 2615 post
977 2542 1106 2598 mortem
1119 2534 1287 2598 Alexandri
1294 2534 1402 2597 Livius
1419 2532 1545 2597 oceaaior

232 2622 375 2704 triumphi
394 2622 509 2703 Papirii
530 2620 672 2685 Ouraoris
698 2622 859 2686 excurrit
851 2643 882 2685 ιιι
905 2624 1160 2704 comparationem
1181 2624 1387 2687 Romanorum
1410 2642 1479 2686 cum
1500 2622 1545 2688 Al

231 2712 357 2788 xandro,
380 2712 549 2787 affirmans,
571 2711 650 2794 quod
664 2711 794 2776 Romani
815 2707 887 2775 tunc
901 2714 1088 2789 Alexandro,
1109 2714 1135 2775 ιι
1151 2712 1277 2777 Oriente
1293 2712 1470 2790 subactoin
1487 2711 1545 2777 Ocu

232 2802 356 2864 dentem
378 2820 463 2864 arma
484 2801 645 2874 vertisset,
666 2802 746 2864 huno
764 2802 918 2883 Papirium
940 2802 1046 2865 ducem
1065 2801 1232 2883 opposituri
1255 2803 1394 2866 luissent
1427 2804 1489 2866 'At
1507 2802 1545 2865 nil

232 2891 304 2953 hino
313 2890 436 2953 exstrui
451 2896 572 2971 potest,
593 2909 651 2972 quo
667 2891 807 2953 consules
822 2891 1025 2972 quinquennio
1039 2892 1230 2954 attollantur.
1258 2893 1339 2954 Nam
1353 2891 1403 2954 lric
1419 2891 1503 2954 idem
1515 2893 1545 2955 Pr

231 2979 326 3061 pirins
348 2979 441 3043 etiam
464 2998 499 3042 eo
523 2998 602 3041 anno
618 2977 688 3042 Coa
704 2979 770 3053 fuit,
790 2999 849 3062 quo
864 2999 935 3042 rere
950 2989 1088 3043 mortuus
1103 2987 1153 3042 est
1164 2981 1355 3044 Alexander:
1372 2989 1406 3043 ιι
1422 3000 1503 3045 anno
1518 3001 1545 3044 se

99 3096 101 3103 ¹
232 3068 379 3131 Dictator
407 3069 636 3149 nominataeque
661 3068 703 3130 ihi
727 3068 911 3132 clarissimus
936 3068 1000 3149 ejus
1025 3069 1147 3132 aetatis
1192 3070 1365 3138 Verisimile
1396 3078 1503 3135 tamen
1523 3090 1545 3135 er

232 3157 375 3221 Livium
367 3177 399 3220 ru
414 3157 603 3239 applicandis
620 3155 706 3220 (loss.
715 3156 861 3221 Romanis
878 3158 917 3221 ad
932 3177 982 3220 res
998 3156 1137 3222 Graecas
1151 3159 1358 3240 perfunctoria
1373 3178 1477 3241 opera,
1492 3160 1545 3243 quir

234 3248 363 3331 quennio
392 3247 552 3310 aberrasse
577 3245 713 3320 circiter,
737 3248 845 3328 quippe
868 3247 918 3328 qni
940 3248 1002 3309 et
993 3266 1025 3310 m
1047 3268 1125 3312 anuo
1151 3249 1291 3311 conditae
1312 3248 1524 3314 Alexandriae

232 3336 282 3399 hic
299 3335 418 3417 aequali
439 3336 540 3416 spatio
563 3353 668 3398 avaro
692 3335 797 3398 distat
841 3337 1001 3418 Utcunque
1025 3338 1080 3412 sit,
1102 3337 1148 3400 sni
1170 3346 1254 3401 certe
1268 3330 1373 3402 Livius
1393 3341 1509 3403 oblitus
1523 3359 1545 3401 or

233 3425 284 3507 qni
309 3424 357 3488 01.
383 3423 464 3489 CXL
490 3424 577 3489 cras.
602 3425 696 3488 etiam
717 3443 777 3487 uno
802 3445 882 3488 anno
908 3425 1068 3503 demittere
1096 3427 1166 3508 plns
1190 3445 1280 3555 quam
1302 3426 1460 3492 Diodorus
1488 3428 1545 3491 vell

234 3514 360 3666 madeA
376 3601 432 3666 Cla
447 3602 521 3665 312.
554 3602 789 3683 Antigoniorum
810 3555 940 3666 ducum
931 3567 1021 3667 ιιιιιι
1035 3604 1217 3685 expeditio
1208 3624 1240 3673 ru
1256 3604 1430 3679 Graeciam
1474 3607 1545 3688 Pugr

103 3689 105 3695 ’
196 3744 198 3751 .
236 3693 277 3756 ad
292 3690 417 3755 Gazam.
446 3692 641 3755 Ptolemaeus
662 3692 753 3755 urbes
768 3691 950 3756 Phoeniciae
973 3711 1039 3754 cum
1062 3694 1198 3757 exercitu
1218 3694 1340 3758 invasit
1378 3695 1528 3777 Captivos

235 3784 410 3862 Aegyptum
425 3781 508 3843 misit
524 3775 654 3862 (Diod).
684 3782 783 3855 Tunc,
797 3782 948 3844 referente
962 3782 1112 3864 Josepho,
1133 3784 1328 3846 Ptolemaeus
1343 3785 1438 3847 etiam
1452 3784 1545 3849 Jeroe

236 3873 318 3952 lyma
333 3870 493 3951 occuparit
507 3870 674 3944 sabatho,
697 3876 730 3932 et
744 3870 894 3951 abrogata
909 3869 1065 3947 libertate,
1085 3891 1144 3953 qna
1158 3874 1201 3935 20
1217 3891 1313 3936 annos
1329 3873 1515 3949 fruebantur,
1529 3874 1545 3936 ir

239 3961 403 4023 clementer
425 3958 580 4022 tractarit
624 3959 671 4022 De
693 3959 751 4021 hoc
772 3958 941 4023 Ptolemaei
965 3978 1130 4042 progressu
1151 3962 1338 4025 vaticinatur
1359 3965 1487 4044 angelus
1500 3965 1545 4026 Da

208 4047 338 4132 ,nu
360 4049 396 4110 de
412 4065 484 4130 rege
498 4047 618 4113 Austri.
654 4049 735 4111 Nam
748 4048 910 4131 Aegyptus
933 4057 1075 4130 respectu
1087 4049 1224 4115 iudaeae
1241 4052 1386 4170 australis
1402 4060 1468 4134 est,
1490 4052 1545 4136 Syr

238 4137 428 4220 aquilonaris

325 4227 423 4308 Igitur
436 4245 540 4289 mense
555 4226 653 4289 Nisan
667 4226 756 4307 hujus
771 4227 842 4290 amni
840 4227 964 4318 incipit
985 4245 1073 4290 aera
1088 4227 1309 4292 Graecorum
1328 4230 1545 4295 allacchabac

239 4314 355 4379 usitata
367 4323 442 4398 post
456 4333 551 4378 annos
565 4316 631 4378 228
646 4322 773 4379 ιιιιιιι
789 4337 808 4379 a
822 4306 931 4392 r'effitu,
947 4324 1086 4381 currente
1103 4317 1175 4382 228
1211 4320 1290 4381 Nam
1305 4319 1377 4381 anni
1393 4318 1545 4385 Graecorn

240 4405 427 4475 condebant
447 4403 578 4484 intelligi
599 4423 654 4485 pro
669 4424 792 4467 numero
814 4404 977 4468 uGraecis
998 4407 1128 4481 usitato,
1151 4406 1204 4469 sed
1220 4406 1251 4468 hi
1273 4407 1343 4469 anui
1360 4427 1415 4471 sou
1431 4429 1520 4486 aera,
1541 4433 1545 4469 ι

239 4513 298 4575 quo
315 4493 427 4557 Graeci
442 4489 657 4574 (Macedones)
672 4493 858 4557 Judaecrum
873 4495 984 4562 domiui
1007 4503 1078 4558 sunt
1093 4495 1174 4558 iacti
1209 4495 1283 4558 Btsi
1293 4515 1343 4559 res
1364 4507 1475 4578 gestae
1490 4519 1545 4564 ocu

241 4591 317 4664 pant
331 4590 482 4645 aestatem
497 4591 672 4664 sequentem
693 4590 765 4663 post
785 4602 920 4647 mensem
933 4585 1044 4659 Nisan,
1066 4592 1099 4647 et
1112 4583 1297 4648 Macedones
1312 4586 1350 4648 ab
1367 4595 1545 4672 autumnos

243 4671 345 4752 quenti
358 4677 530 4735 numerant.
553 4672 679 4735 Judaeis
707 4678 810 4734 tamen
831 4673 926 4736 veluti
947 4682 1069 4754 praeter
1090 4661 1277 4739 v'olnntatem
1296 4674 1425 4755 accidit,
1447 4686 1485 4743 ut
1504 4680 1545 4744 ba

242 4759 388 4842 epocham
402 4759 570 4844 anticipent
586 4781 646 4826 uno
668 4762 825 4838 semestri,
841 4762 918 4845 qnia
937 4782 1042 4826 menae
1055 4764 1316 4846 Hyperboret'oeo
1325 4769 1545 4853 antumnali*
