3144 5474
126 1286 298 1418 J
300 1285 569 1420 OANNIS
591 1290 936 1420 KEPPLllRl
968 1259 1565 1447 Mluuuunulu

455 1519 499 1590 ad
526 1517 726 1618 Epistulam
746 1518 847 1594 Sethi
876 1519 1019 1594 Calvisii
1048 1516 1262 1617 Chrouologi

702 1719 1093 1841 RESPONSlO.
1084 1798 1094 1818 ·

1554 1497 1570 1556 J.

1553 1443 1571 1688 J

1384 1717 1389 1742 l
1438 1720 1441 1725 ”
1474 1739 1476 1751 ‚
1552 1723 1571 1765 ἐξ

1552 1847 1570 1888 s

230 2017 298 2091 Qus
307 2018 443 2100 perversi
455 2005 562 2080 sensus
572 2019 730 2081 verborum
739 1983 1081 2098 Evungelistae'urimen
1091 2016 1223 2092 diluitur,
1239 2017 1317 2080 etin
1335 2025 1473 2088 auctorem
1555 2077 1571 2088 ,

762 2115 961 2188 retorquetur.

708 2344 1011 2449 -Frsneolurti,

417 2520 497 2587 Apud
515 2517 698 2572 Godoiredum
712 2499 906 2588 Tempschluni
919 2518 1005 2589 'lypis
1018 2482 1124 2574 irruent
1139 2516 1300 2586 Kompfferi.

738 2657 819 2706 Anno
832 2607 984 2709 ufflcxrv.

274 3212 295 3275 J
301 3230 440 3274 oannes
454 3209 666 3295 Kepplerus
683 3206 798 3271 Setho
815 3207 981 3272 Gslvrsuo
997 3209 1030 3274 S
1076 3208 1174 3282 Quum
1191 3211 1230 3273 ud
1245 3231 1294 3274 me
1310 3212 1437 3293 publicis
1450 3208 1511 3291 typ'u

190 3301 345 3382 scripsisti
361 3299 522 3381 epistolum
538 3297 603 3362 Cel.
615 3297 684 3360 Oet
700 3297 771 3360 unni
786 3298 958 3379 superioris,
975 3300 1077 3381 occepi
1096 3294 1145 3362 17.
1155 3298 1221 3364 Col.
1229 3301 1320 3363 Febr.
1344 3301 1393 3364 us
1404 3301 1514 3383 pelleris

188 3409 333 3454 summum
353 3391 432 3452 hunc
453 3387 528 3454 mihi
549 3388 654 3450 videor
675 3388 955 3468 comprehendisse,
978 3389 1138 3452 eeclesiam
1159 3390 1373 3470 perturbatum
1394 3389 1514 3454 essehoc

187 3499 267 3543 novo
281 3498 350 3544 mou
365 3485 399 3540 et
413 3470 545 3540 absurda
561 3476 717 3558 opinione,
739 3478 819 3558 quod
835 3476 958 3541 Christo
973 3479 1113 3553 Domino,
1136 3498 1204 3542 oum
1218 3479 1258 3542 ud
1280 3481 1462 3561 baptismum
1474 3496 1515 3540 so·

187 3570 320 3652 eederet,
336 3587 432 3652 eunus
448 3567 580 3630 tribuam
589 3568 642 3642 33,
658 3574 765 3630 contre
775 3568 1365 3650 expressaverbaEvuugelistueLucue
1381 3578 1515 3632 ueterum·

187 3665 381 3741 que⁸pstrum
397 3657 632 3720 auctoritatem⁸⁴
665 3659 751 3721 Haeo
767 3656 856 3719 unies
871 3665 904 3718 et
918 3657 1049 3738 genuino
1065 3678 1166 3733 cause,
1182 3678 1235 3720 seu
1250 3659 1341 3721 mulis
1356 3666 1517 3741 praetenue

187 3757 259 3812 tuoe
283 3746 457 3828 scriptionis
462 3764 471 3820 ;
496 3754 601 3809 cetere
621 3747 731 3809 nullius
755 3746 900 3808 momenti
922 3755 994 3810 sunt
1009 3754 1041 3809 et
1055 3747 1086 3809 in
1101 3748 1132 3809 id
1147 3755 1267 3810 tantum
1283 3744 1471 3831 compunta,
1488 3764 1517 3807 ue

186 3839 246 3902 huo
262 3837 328 3899 solu
343 3836 461 3899 ratione
475 3854 611 3917 pugnare
631 3835 778 3899 videaris:
802 3836 916 3898 auxilio
938 3856 976 3898 ex
992 3837 1107 3900 colonis
1122 3843 1230 3899 oouota
1249 3837 1281 3899 in
1296 3839 1431 3918 speeiem
1445 3852 1517 3899 exso

147 3987 150 3993 ,
189 3927 278 4001 uitus,
293 3932 329 3989 ut
344 3944 498 3988 numerum
518 3926 567 3988 vel
582 3925 669 3987 inviti
686 3926 838 4006 expleant
884 3923 965 3995 Quin
987 3927 1156 3989 etumbrss
1171 3948 1191 3988 o
1205 3926 1281 3988 meis
1296 3927 1441 4009 delapsus
1452 3924 1517 3990 mili·

187 4017 271 4080 tibus
288 4016 368 4077 inter
384 4022 453 4078 tuos
469 4034 610 4077 numerus
624 4014 746 4088 milites,
762 4015 880 4094 quoties
896 4015 935 4078 ab
949 4015 988 4077 iis
1003 4016 1121 4096 trepide
1136 4015 1225 4096 fugis.

275 4105 371 4186 Atqui
393 4123 490 4186 neque
513 4106 617 4167 themu
639 4111 723 4166 tunm
741 4103 902 4166 verisimile
919 4112 982 4179 est,
1004 4122 1101 4185 oeque
1116 4124 1220 4167 verum
1235 4114 1453 4186 argumentum
1489 4100 1515 4164 si

187 4213 315 4277 namque
337 4193 519 4275 perturbate
541 4200 591 4255 est
611 4193 756 4267 ecclesie,
785 4211 934 4274 quaenam
956 4194 1030 4257 ills?
1067 4195 1148 4267 Num
1168 4194 1340 4258 Romanum
1368 4195 1460 4258 dicis?
1489 4197 1515 4251 st

187 4284 308 4346 fuerunt
322 4283 354 4346 in
369 4302 416 4359 es,
431 4283 480 4364 qui
494 4283 553 4345 hoo
568 4298 666 4344 meum
680 4283 784 4344 themo
797 4282 888 4363 longe
904 4290 976 4346 ente
991 4303 1039 4346 me
1055 4292 1163 4362 contre
1178 4291 1415 4347 tuos-auetores'
1427 4283 1513 4346 uem-

136 4373 139 4387 '
188 4371 295 4436 derent
309 4372 461 4453 librosque
478 4373 515 4434 de
532 4391 573 4434 eo:
583 4391 617 4433 ro
633 4371 688 4433 sub
704 4390 832 4433 censure
848 4371 985 4448 ederent,
1008 4373 1095 4435 unico
1112 4373 1208 4436 solum
1224 4392 1303 4435 suno
1321 4395 1340 4436 a
1355 4394 1402 4436 me
1417 4374 1512 4436 duero

185 4471 305 4542 pontes
349 4461 430 4523 Num
444 4460 537 4540 igitur
552 4459 698 4523 ecclesius
714 4458 933 4525 Germanicus?
963 4464 1010 4525 At
1024 4481 1173 4545 quaenam
1188 4454 1281 4524 illae?
1312 4464 1429 4526 Multae
1443 4477 1510 4524 mm

188 4569 244 4631 quo
267 4557 346 4613 suut
390 4550 461 4612 Nou
482 4548 643 4621 Suevioae:
672 4549 840 4630 disputavit
864 4552 943 4613 enim
966 4552 1029 4614 ists
1050 4551 1327 4615 Maestliuus
1317 4573 1351 4615 m
1380 4547 1509 4616 sosdemu

187 4636 372 4741 Tubiugensi
389 4647 460 4702 suto
476 4655 572 4702 anuos
587 4637 740 4703 minimum
757 4640 806 4713 12,
807 4641 1002 4722 aequissimo
1018 4642 1177 4715 auditorio,
1192 4658 1240 4701 me
1256 4641 1378 4724 Progne
1392 4643 1507 4705 versute

189 4725 290 4808 reique
305 4725 393 4807 huius
413 4726 558 4808 penitus
549 4746 656 4810 ignaro
669 4720 722 4810 ²⁸).
752 4728 1004 4792 NouAlsuticoe·
1021 4727 1269 4793 cousuremenim
1277 4730 1506 4815 Argendnmun

1548 2082 1555 2162 J

1547 2170 1571 2227 ,m
