3142 5476
531 277 877 376 timotheanam
1317 265 1406 356 ¹³³?

64 419 268 506 Cuthsginem
303 422 403 506 Atqui
423 424 648 504 comprobatum
669 431 718 487 est
738 423 920 489 testimoniis
940 424 1072 502 idoneis,
1096 428 1289 494 ‘aedificatam
1312 451 1379 495 esse

62 534 116 578 acra
128 515 241 597 templi
253 508 324 577 127.
355 510 436 584 Quid
451 531 522 594 ergo
539 514 671 577 dicemus
686 513 725 576 ad
740 522 933 595 praesentem
948 515 1180 580 auctoritatem?
1209 519 1260 582 An
1276 519 1378 601 Apion

61 624 99 687 pro
113 624 161 679 eo,
184 604 265 685 quod
279 603 409 668 Romam
421 603 550 678 invenit,
573 601 790 683 Carthaginem
803 622 858 685 per
874 623 1004 668 errorem
1019 605 1161 688 scripsit?
1190 607 1242 672 An
1257 608 1333 689 legit
1346 609 1378 673 in

10 697 11 700 ’
59 694 164 757 limseo
187 692 307 767 Siculo,
329 712 386 774 quo
410 692 447 755 de
466 691 646 775 Dionysius,
666 692 796 756 Romam
811 701 844 756 et
859 691 1073 775 Carthaginem
1089 695 1194 758 eodem
1209 717 1288 760 anuo
1302 718 1379 761 oon-

6 830 8 835 ·
60 783 132 857 dtas,
152 783 266 865 itaque,
288 800 354 845 cum
368 781 496 844 Romam
512 781 605 846 sciret
620 803 638 845 a
652 781 807 863 praesenti
823 802 901 846 anno
917 801 1053 864 surgere,
1076 782 1272 866 Carthaginis
1287 786 1380 850 ctiam

6 912 7 918 κ
29 880 30 883 ’
60 879 143 936 crtum
156 873 217 937 huc
231 871 358 937 retulit?
392 871 443 936 Au
459 871 585 953 denique
600 872 658 935 hoc
674 891 751 934 anuo
766 890 837 934 vere
854 872 977 935 condita
996 873 1053 935 iuit
1071 891 1132 936 non
1145 874 1217 938 urbs
1232 875 1300 956 ipsa
1314 876 1382 958 pri·v
1491 899 1495 905 ·

29 974 32 978 '
61 963 141 1027 uaria
155 960 325 1042 Carthago,
341 960 396 1023 sed
409 961 564 1036 Karhada,
585 959 604 1024 i.
614 980 639 1024 e.
654 959 809 1042 Neapolis,
829 968 865 1023 ut
880 960 1020 1042 Scaliger
1033 981 1139 1025 vocem
1152 963 1380 1046 interpretatur,

61 1052 122 1133 quod
136 1059 186 1114 est
200 1051 331 1116 totidem
345 1050 442 1115 literis
457 1050 639 1114 radicalibus
654 1055 804 1132 καρχηοοο
819 1048 967 1115 Graecis?
995 1057 1027 1114 et
1042 1051 1150 1115 alludit
1163 1072 1224 1116 vox
1237 1053 1381 1147 Plautina
1463 1102 1467 1106 »
1517 1127 1520 1143 ‚

8 1158 10 1197 J
61 1139 107 1205 lie·
122 1139 382 1215 chehadreauecb,
398 1139 423 1202 si
438 1139 624 1205 concesseris
638 1140 822 1204 metathesin
836 1158 891 1220 pro
908 1138 1087 1205 Charbade-
1103 1142 1208 1205 anech.

10 1292 11 1296 ¹
110 1318 148 1371 ab
160 1332 229 1372 anan
240 1332 265 1372 a.
279 1316 323 1371 tu
336 1310 389 1370 747
401 1319 518 1391 adwripql
529 1276 588 1370 sunt
599 1316 681 1379 ,snm
692 1294 877 1368 Nabouassari“
889 1317 973 1383 ibique
984 1309 1142 1371 οιιιιοιιιιιιιιιι

10 1459 12 1468 ’
130 1442 191 1508 Cur
205 1443 257 1506 hic
272 1442 397 1524 Incipiat
411 1462 491 1506 nova
505 1444 606 1507 series
614 1442 732 1523 Regum
745 1441 921 1524 Babylonis,
936 1461 1029 1506 causa
1043 1443 1074 1507 in
1090 1443 1216 1506 obscuro
1232 1450 1289 1505 est
1312 1443 1379 1525 Ego

10 1596 12 1600 ,
61 1540 129 1616 puto,
143 1533 260 1596 frustra
274 1552 330 1596 nos
346 1533 407 1595 de
398 1533 508 1614 insigni
524 1533 623 1614 aliquo
639 1537 747 1595 eventu
764 1549 840 1594 οοοο
848 1531 1003 1595 sollicitos.
1032 1532 1233 1613 Regnatum
1224 1552 1255 1596 ιιι
1270 1532 1377 1615 Baby·

10 1634 12 1640 '
62 1621 112 1686 lone
131 1622 203 1685 inde
226 1622 266 1685 ab
288 1621 390 1685 exciso
411 1631 506 1704 regno
527 1622 722 1707 Assyriorum
744 1621 802 1683 huc
818 1639 916 1703 usquc
939 1641 993 1702 per
1015 1640 1110 1685 annos
1136 1616 1208 1685 127.
1247 1620 1380 1686 Ριίιιιιιιιι

62 1730 143 1794 rogem
157 1712 313 1776 Diodorus
328 1711 429 1792 prodit
442 1711 581 1787 Halosin,
602 1710 685 1792 cujus
708 1728 898 1774 successores
920 1719 994 1794 puto
1015 1711 1192 1774 tributarios
1205 1710 1307 1773 fuisse
1329 1710 1379 1773 rel

62 1801 149 1874 hedis,
164 1799 215 1862 rel
230 1808 304 1882 post
316 1800 448 1864 Arbacis
461 1801 545 1863 Medi
559 1808 687 1863 mortem
700 1799 838 1882 Assyriis
847 1798 945 1875 Phuli,
960 1800 1102 1881 Tiglath-
1103 1800 1290 1874 Phulassari,
1305 1799 1378 1863 Sal-

61 1890 222 1964 uanassari,
238 1888 377 1970 Sargoni,
393 1888 626 1968 Sennacheribo.
657 1886 745 1960 Quod
760 1896 861 1952 autem
877 1910 896 1950 a
910 1890 1126 1954 Nabonassaro
1142 1889 1292 1952 accersita
1307 1909 1380 1952 aera

62 1979 239 2042 continuatur
254 1997 348 2060 usque
365 1979 403 2040 ad
416 1979 639 2054 Alexandrum,
660 1996 773 2041 novum
783 1978 951 2060 exemplum
967 1974 1024 2041 est.
1054 1978 1204 2042 Solebant
1219 1978 1288 2041 olim
1304 1985 1377 2041 ante

61 2068 269 2131 llacchabseos
285 2085 440 2130 numerare
457 2074 489 2130 et
504 2068 694 2131 denominare
710 2087 806 2131 annos
820 2087 880 2130 nou
896 2067 935 2131 ab
950 2075 1053 2131 aetate
1070 2068 1169 2150 regni,
1191 2068 1246 2131 sed
1260 2089 1280 2131 a
1294 2067 1378 2148 regi-⁶

13 2169 15 2173 ·
61 2157 113 2233 tus,
133 2158 183 2240 qui
199 2157 306 2239 quovis
322 2176 400 2219 anno
415 2164 593 2237 praeerant,
615 2164 669 2219 aut
684 2163 766 2219 certe
783 2157 821 2219 ab
837 2157 989 2221 aetatibus
1004 2158 1134 2233 urbium,
1155 2164 1191 2221 ut
1203 2157 1379 2239 Babylonis,

10 2250 14 2321 ξ
61 2246 123 2327 hrt
138 2246 348 2327 Carthaginis,
361 2245 486 2308 Romae.
521 2245 640 2309 Privati
653 2245 746 2327 igitur
761 2252 833 2309 tunc
849 2246 967 2328 quidem
983 2248 1110 2328 exempli
1125 2247 1246 2328 privata
1260 2246 1380 2309 videtur

12 2411 13 2416 γ
61 2355 134 2398 ausa
148 2336 332 2417 quaerenda.
377 2333 584 2410 Genethliaci,
605 2336 681 2399 1ι.ὀ.
698 2335 844 2400 Chaldaei
866 2336 1032 2401 astronomi
1046 2336 1179 2412 luerunt,
1201 2336 1251 2417 qui
1272 2335 1405 2402 seriemx
1443 2348 1446 2354 ’

10 2488 14 2511 F
61 2444 188 2489 annorum
211 2447 231 2486 a
254 2424 472 2488 Nabonassaro
497 2425 720 2488 arcessiverunt
743 2424 935 2506 tabulamque
963 2426 1043 2489 hano
1066 2385 1183 2507 Ragunl
1213 2424 1379 2487 ediderunt

8 2549 16 2645 l

10 2513 121 2582 ιΡιιο
136 2514 244 2594 igitur,
267 2513 444 2594 cumprime
460 2512 589 2576 omnium
604 2513 732 2595 eclipses
748 2513 803 2576 sub
818 2514 1033 2578 Nabonassaro
1056 2515 1185 2577 luissent
1204 2521 1381 2589 annotatae,

61 2611 251 2679 utrouomos,
274 2603 325 2685 qui
346 2604 443 2666 secuti
465 2610 536 2665 sunt
556 2603 724 2666 Alexandri
750 2609 903 2684 tempora,
927 2603 1091 2684 digessisse
1115 2623 1211 2666 annos
1234 2620 1381 2683 reguma

59 2692 261 2757 llbonassaro
276 2711 374 2773 usquc
386 2691 426 2754 ad
435 2692 650 2769 Alexandrum,
665 2699 699 2755 nt
714 2710 752 2754 ne
767 2691 838 2774 quid
853 2692 1012 2755 errarent
1004 2713 1035 2755 ιιι
1049 2692 1218 2756 intervallis
1228 2710 1380 2754 annorum.

60 2780 90 2843 It
102 2783 139 2844 ad
153 2782 327 2862 hujusmodi
342 2780 544 2862 conjecturam
560 2782 695 2864 exemplo
710 2781 782 2845 mihi
797 2781 898 2863 praeit
912 2780 1092 2863 Scaliger
1068 2801 1100 2844 m
1115 2781 1202 2845 annis
1218 2781 1385 2844 secuudum
1505 2812 1508 2817 ⁴

4 2949 8 2952 Α
61 2870 233 2953 dionysium.
268 2871 350 2935 Ecce
372 2889 444 2932 vero
465 2870 554 2952 hujus
576 2871 767 2951 conjecturae
788 2871 1007 2933 firmamentum
1029 2871 1059 2933 in
1074 2870 1236 2952 praesenti.
1272 2869 1379 2933 Ptole·

60 2978 145 3024 naeus
161 2981 230 3024 cum
250 2959 468 3041 antiquissimis
490 2960 650 3042 eclipsibus
666 2959 838 3023 necessario
853 2967 1006 3036 uteretur,
1029 2961 1141 3023 nullam
1156 2959 1282 3023 adhibet
1297 2958 1386 3022 anti·

62 3050 176 3130 quictem
197 3052 267 3132 ipso
283 3051 528 3115 Nabonnassaro.
564 3050 611 3113 At
626 3049 730 3112 statim
745 3068 824 3123 annp
840 3043 891 3111 27.
906 3049 1040 3124 Nabon.,
1063 3049 1111 3131 qui
1127 3057 1195 3111 erat
1212 3050 1239 3111 1.
1253 3049 1380 3111 Mardo-

15 3184 18 3204 2
62 3139 195 3221 aupaci,
225 3139 343 3202 invenit
363 3138 489 3219 primam
518 3138 576 3202 sibi
592 3138 713 3201 utilem.
756 3134 867 3202 Procul
891 3138 981 3201 dubio
1011 3138 1103 3201 etiam
1127 3138 1244 3220 aliquas
1267 3137 1383 3200 invenit

63 3226 224 3292 obervatas
235 3230 295 3293 sub
311 3228 376 3309 ipso
392 3228 619 3304 Nabouassaro,
635 3228 689 3290 sed
703 3226 773 3290 illas
788 3248 841 3292 suo
857 3227 999 3291 instituto
1015 3246 1075 3291 non
1090 3226 1197 3291 habuit
1212 3245 1393 3291 accommoae

10 3355 15 3388 ι
63 3315 142 3381 laos.

10 3396 15 3573 i

10 3577 17 3630 l

10 3649 16 3688 ι

606 3471 816 3485 ἡ

11 3631 16 3649 ”’
131 3636 218 3701 Aera
232 3635 349 3716 Templi
365 3635 438 3710 291,
454 3634 628 3699 anNabon.
643 3634 702 3699 39:
725 3631 901 3699 Herwartus
916 3607 1003 3716 ponit
1019 3634 1145 3716 eclipsin
1162 3631 1201 3715 Θ
1220 3635 1248 3698 (1.
1266 3635 1316 3700 18.
1325 3602 1386 3701 Jul.
1508 3587 1511 3596 A

23 3786 25 3801 ,
61 3724 220 3789 herodotus
243 3724 400 3807 4regibus
415 3725 534 3788 Mediae
556 3724 664 3788 tribuit
685 3724 875 3799 annos150,
902 3725 928 3787 si
950 3743 1053 3786 omnes
1073 3724 1105 3787 in
1125 3744 1217 3787 unam
1241 3745 1386 3790 summam

61 3815 212 3895 conjeceris
228 3815 317 3897 plene
333 3821 489 3895 acceptos,
511 3833 635 3896 quorum
649 3815 771 3879 ultimus
784 3814 920 3895 'pertinet
942 3814 982 3876 ad
997 3824 1106 3877 annum
1120 3814 1239 3877 Nabon.
1258 3814 1320 3879 188
1335 3816 1384 3879 vel

17 3964 21 3971 ,,
62 3901 126 3980 187;
148 3905 264 3987 primus
287 3923 359 3985 ergo
380 3904 437 3966 huc
461 3903 499 3965 ad
513 3904 631 3967 Nabon.
647 3904 689 3970 39
711 3903 760 3966 vel
775 3903 827 3967 38.
863 3903 970 3985 Itaque
991 3903 1144 3966 Diodorus
1165 3913 1248 3966 recte
1272 3905 1386 3981 scribit,

59 3995 174 4075 primum
189 3994 309 4076 illorum
324 4011 427 4074 regum
443 3988 524 4076 (ipse
539 3992 773 4075 bisCyaxarem
789 3993 932 4074 appellat,
948 3992 1002 4055 sed
1016 3992 1147 4073 Dejoces
1162 3993 1322 4073 legendum
1337 4013 1386 4056 res

59 4083 116 4164 ipsa
131 4077 263 4163 clamat)
281 4082 320 4145 ab
328 4082 485 4145 Herodoto
500 4082 605 4145 referri
621 4083 661 4145 sd
677 4101 785 4146 annum
801 4084 830 4144 2.
841 4081 999 4148 CLXVII.
1028 4081 1071 4144 Et
1086 4101 1156 4144 ecce
1171 4082 1221 4145 bic
1235 4083 1387 4146 ineuntem

60 4193 108 4236 ιοιι
133 4173 312 4257 quidemz,
334 4171 432 4246 sed4,
448 4189 520 4234 aera
534 4190 605 4234 vero
620 4172 720 4254 prio're
743 4171 902 4236 annum3.
926 4171 1058 4252 ejusdem
1082 4170 1217 4254 Olymp,
1237 4172 1326 4254 idque
1348 4192 1387 4236 ex

59 4263 204 4345 pu'ncipiis
220 4263 310 4342 louge
327 4260 403 4323 aliis.
434 4258 607 4324 Consensus
622 4261 671 4325 hic
686 4261 889 4325 testimonium
903 4260 1044 4343 perhibet
1062 4267 1166 4323 rectae
1188 4261 1386 4325 collocationi
1446 4318 1449 4321 .
1508 4248 1510 4253 ’

18 4358 19 4363 ’
48 4352 182 4416 'Possunt
205 4358 307 4414 autem
329 4349 421 4412 etiam
443 4351 529 4413 salva
550 4351 733 4414 auctoritate
747 4350 895 4414 Herodoti
917 4369 972 4432 per
994 4350 1219 4414 commissiones
1235 4351 1387 4415 initiorum

17 4509 21 4515 ,
59 4451 83 4503 st
100 4443 215 4505 finium
223 4460 280 4523 pro
299 4439 361 4502 loo
383 4439 458 4502 sumi
476 4427 554 4516 147,
577 4438 640 4503 148
661 4441 710 4502 vel
728 4440 798 4505 149.
835 4439 933 4522 Igitur
947 4440 1004 4503 hos
1020 4458 1076 4520 ego
1098 4439 1136 4502 ab
1152 4460 1230 4504 anuo
1247 4443 1384 4524 sequenti
1515 4508 1521 4515 ,

59 4530 167 4614 hsipio,
182 4537 311 4612 propter
325 4549 362 4592 ea
377 4548 453 4610 quae
470 4529 594 4592 suntad
612 4529 682 4592 115
691 4529 810 4592 Nabon.
1410 4583 1417 4604 ,

133 4622 222 4685 Aera
237 4619 344 4700 templi
359 4619 437 4684 303.
454 4616 551 4701 Gygis
560 4618 655 4699 Regis
670 4618 786 4701 LydIae
800 4618 917 4682 initium
933 4637 971 4681 ex
986 4617 1221 4681 Halicarnasseo
1236 4618 1286 4682 hic
1301 4621 1388 4700 ponit

22 4703 29 4723 '
59 4707 207 4786 bacchius,
224 4728 268 4772 sc.
284 4710 347 4771 220
364 4708 449 4772 aunis
465 4715 536 4771 ante
551 4709 712 4772 transitum
725 4708 847 4773 Xerxis.
874 4709 977 4790 Atque
992 4707 1061 4769 hinc
1076 4706 1191 4768 orditur
1204 4707 1387 4775 Herodotus

14 4805 15 4809 ’
59 4798 216 4884 imperavit
238 4817 336 4862 annos
351 4797 402 4862 38.
445 4797 576 4862 Notabis
598 4806 713 4876 eutem,
735 4815 814 4865 nova
833 4798 948 4880 passim
966 4816 1064 4879 regna
1085 4794 1231 4874 existere,
1252 4799 1334 4881 prius
1355 4800 1387 4866 iu
