3194 5482
550 272 930 353 monumemtum:
1197 332 1201 341 ,
1357 259 1406 326 't
1450 224 1452 227 ¹

69 421 183 498 dlsvi,
206 439 303 505 nequa
317 419 424 497 cunei,
444 419 504 485 imo
514 462 516 464 ψ
525 439 564 486 ue
579 427 648 486 tots
662 422 786 507 quidem
802 422 880 488 coeli
897 421 1043 488 machina
1064 421 1172 488 solvet.
1216 420 1319 492 Etiam
1333 421 1408 487 illud

68 513 193 578 aarum
209 518 298 576 muco
312 511 453 576 firmiter:
476 529 583 593 parum
597 518 631 577 et
642 513 797 581 minimum
818 512 889 595 quid
905 532 974 577 esse
989 511 1214 593 commoditatis
1230 530 1270 576 ex
1285 531 1405 577 correc—

67 602 142 666 done
167 597 213 683 (si
233 600 365 664 maxime
379 601 547 682 perfectam
562 596 725 683 tingamus)
747 601 919 684 paschatis,
942 601 1016 666 nihil
1039 601 1160 666 omnino
1183 601 1406 687 exescutione

68 690 229 755 lbdierum
237 698 394 772 sequutae,
409 708 467 772 quo
483 709 517 752 se
533 690 691 767 venditare
701 692 771 773 jure
786 690 886 773 possit
895 689 1063 772 Gregorius
1079 691 1224 759 contrad.
1235 690 1415 775 Caesarem..

39 854 42 860 4
66 780 168 862 Neque
184 798 253 846 sum
266 779 300 843 in
314 777 368 845 illo
382 777 465 844 inani
479 787 578 855 metu,
599 799 638 844 ue
652 782 781 847 muudus
795 785 832 844 eo
847 799 942 864 usque
962 780 1066 854 duret,
1079 780 1159 844 -dum
1173 779 1290 862 pascha
1303 780 1335 842 in
1350 800 1406 843 au-

66 878 198 934 omnam
219 877 254 932 et
275 868 393 933 coelum
413 867 444 931 in
466 875 580 937 terram
601 870 702 934 cadat.
747 867 828 941 Quin
849 870 909 934 imo
930 869 989 934 hoc
1011 886 1079 933 esse
1090 876 1169 950 puto
1190 868 1407 942 correctionem

64 960 139 1024 bauo
153 957 255 1022 ordini
268 957 403 1040 politico,
419 957 499 1039 quod
513 957 618 1040 quinta
633 967 703 1025 rota
717 958 833 1024 curruiw
852 958 933 1023 Illud
947 958 1040 1022 etiam
1054 976 1123 1027 cum
1131 956 1283 1040 theologis
1293 958 1407 1024 sentio:

64 1047 361 1130 circumspiciendum
376 1047 469 1111 fuisse
484 1064 546 1110 nou
565 1047 695 1124 rusus,
717 1068 755 1113 ue
777 1063 837 1131 qus
855 1047 956 1111 lateat
974 1047 1082 1129 anguis
1102 1047 1133 1113 iu
1153 1047 1257 1112 herba
1301 1048 1407 1131 Neque
1438 1114 1442 1121 ,

44 1156 45 1163 “
66 1157 106 1202 me
121 1136 205 1218 fugit
219 1135 377 1218 politicum
390 1136 591 1218 magistratus
606 1138 776 1211 condlium,
797 1136 847 1219 qui
868 1136 1110 1202 adversariorum
1129 1136 1282 1218 ingenium
1297 1136 1406 1218 cogni-

66 1235 122 1291 tum
134 1226 252 1301 habet,
273 1233 307 1289 et
321 1233 453 1308 quantus
469 1225 514 1290 sui
530 1225 644 1292 tacitus
667 1228 747 1308 apud
761 1226 831 1290 illos
847 1232 1019 1292 contemtus
1041 1245 1080 1289 ex
1102 1225 1277 1307 receptione
1293 1223 1406 1290 Galen-

66 1315 134 1381 dsrii
157 1321 321 1380 secuturus
343 1315 399 1391 sit,
428 1314 610 1379 considerat
659 1315 783 1381 Mordet
804 1314 883 1383 enim
903 1315 953 1379 vel
975 1315 1043 1385 sola
1064 1314 1212 1396 cogitatio
1236 1314 1311 1378 viati
1333 1333 1406 1397 pro·

145 1495 237 1558 Haec
252 1511 321 1559 cum
335 1492 386 1557 its,
396 1499 532 1569 teneam,
553 1492 585 1556 iu
601 1493 712 1558 ceteris
727 1492 759 1558 iu
773 1511 886 1573 magus
900 1507 967 1558 sum
981 1492 1110 1561 haeresi.
1142 1490 1224 1565 Quid
1239 1491 1318 1558 enim
1333 1499 1408 1574 agat

65 1581 247 1649 Germania
270 1581 443 1648 dimidium?
480 1579 632 1655 Quamdiu
654 1580 815 1647 dissidebit
836 1581 875 1645 ab
895 1582 1021 1664 Europa
1041 1581 1177 1665 reliqna?
1212 1582 1327 1646 Festos
1348 1581 1406 1645 im-

65 1671 342 1747 mutaritBavaria,
356 1671 538 1747 Vindelicis,
552 1671 690 1747 Austris,
707 1670 821 1752 Styria,
836 1671 992 1748 Bohemis,
1006 1672 1205 1740 meditullium
1215 1670 1408 1746 Germaniae,

65 1761 203 1844 Episcopi
217 1761 361 1837 universi,
379 1761 537 1843 Hispania,
558 1760 671 1837 Gallia,
690 1760 792 1835 Italis,
808 1759 976 1842 Hungaria,
994 1761 1130 1828 Polonia
1167 1761 1305 1827 Restant
1318 1778 1407 1842 reges

65 1851 295 1934 septentrionis,
313 1849 390 1914 mari
405 1872 425 1913 a
439 1851 527 1915 nobis
542 1850 639 1915 divisi.
672 1848 848 1914 Facillimus
863 1848 951 1915 uobis
967 1859 1016 1914 est
1031 1850 1134 1914 aditus
1149 1849 1189 1914 ad
1204 1849 1407 1923 novationem,

65 1940 142 2004 nubs
156 1939 288 2022 amplior
308 1939 473 2004 metuenda
494 1939 638 2004 confusio.
684 1936 772 2011 Quid
787 1939 1020 2020 exspectamus?
1049 1940 1132 2004 Num
1149 1948 1185 2002 ut
1198 1940 1284 2007 Deus
1299 1939 1408 2021 aliquis
1498 1976 1502 1982 ·

64 2029 236 2096 emachina
256 2029 400 2112 prodiens
422 2047 527 2094 omues
546 2028 616 2093 illos
635 2028 834 2113 magistratus
852 2027 1013 2112 Evangelii
1035 2029 1101 2093 luce
1122 2027 1290 2094 illmuinet?
1319 2028 1408 2102 Esto,

58 2119 237 2202 intingens
251 2120 310 2183 hoc
325 2140 422 2200 sapae
451 2120 532 2182 Num
545 2126 710 2200 propterea
719 2135 885 2199 speramus,
899 2117 968 2182 illos
983 2117 1174 2199 projecturos
1190 2118 1408 2182 correctionem

65 2208 153 2272 sual
170 2209 368 2290 susceptam?
396 2209 467 2273 Jam
489 2207 528 2272 ab
550 2207 637 2273 aunis
656 2207 718 2272 150
739 2207 919 2287 flagitarunt
940 2208 1123 2284 astronomi,
1145 2208 1210 2290 ipse
1233 2207 1327 2272 etiam
1341 2206 1406 2271 Ins·

64 2298 164 2363 merus
180 2298 398 2364 auctoritatem
420 2296 578 2380 politicam
592 2297 632 2362 ad
647 2295 866 2361 correctionem
879 2298 959 2360 hanc
970 2289 1007 2378 ¹).
1035 2297 1127 2362 Multi
1141 2297 1254 2361 multos
1270 2296 1407 2378 desorip·
1452 2374 1457 2384 ἡ

63 2397 164 2453 aemut
185 2388 309 2462 modos;
330 2386 436 2463 'nescio
458 2408 497 2450 au
519 2386 677 2470 quisquam
697 2385 852 2452 meliorem
873 2394 964 2467 atque
985 2385 1014 2450 is
1036 2387 1101 2467 ipse
1125 2395 1189 2461 est,
1211 2405 1300 2468 quem
1321 2388 1408 2467 Papa

64 2476 213 2552 instituitr
243 2476 310 2560 quis
332 2495 422 2557 porro
443 2476 598 2540 meliorem
624 2471 691 2558 (qui
713 2475 840 2541 inveniri
862 2477 994 2539 fortasse
1021 2475 1110 2540 facile
1134 2471 1256 2558 potest)
1284 2474 1408 2539 audebit

64 2565 256 2649 magistratui
278 2566 468 2648 proponere?
496 2567 567 2631 Jum
582 2565 662 2629 enim
676 2585 737 2632 nna
752 2564 900 2629 correctio
918 2564 1007 2628 ,lacta
1017 2572 1083 2628 est:
1107 2565 1237 2629 alteram
1251 2565 1283 2629 in
1297 2564 1408 2646 exigua

62 2665 149 2738 parte
171 2655 315 2737 Europae
337 2674 425 2718 nemo
448 2655 537 2719 facile
560 2662 593 2718 et
614 2655 679 2719 siue
701 2653 799 2718 turbis
820 2651 1001 2719 introducet
1037 2653 1213 2719 Retinenda
1234 2654 1328 2735 igitur
1348 2653 1409 2717 erit

63 2745 187 2827 antiqua
200 2745 308 2820 forma,
323 2751 378 2807 aut
388 2743 579 2826 Gregoriana
594 2744 794 2826 suscipienda
825 2741 906 2815 Quid
916 2742 1038 2807 autem?
1060 2744 1131 2808 Jam
1145 2763 1237 2826 porro
1250 2749 1407 2807 nostrates
1428 2769 1429 2774 ¹

63 2835 229 2899 astronomi
252 2854 288 2896 os
309 2833 528 2915 compriment?
564 2834 703 2915 querelas
724 2834 893 2908 facessent,
924 2853 999 2915 quas
1021 2831 1299 2915 Regiomontanus‚
1326 2832 1406 2895 Pur-

62 2924 201 2998 bachins,
222 2922 340 2998 Maria,
361 2922 500 2998 Pitatus,
522 2921 673 2986 Stoflerns
696 2929 730 2985 et
744 2924 803 2986 duo
819 2925 926 3004 elapsa
948 2924 1051 2986 secula
1064 2922 1242 2986 usitamnt?
1273 2921 1350 2986 (lum
1364 2921 1408 2985 illi

61 3013 211 3095 corrigere
222 3012 389 3095 jusserint,
405 3032 461 3076 nos
471 3011 537 3096 jam
552 3008 796 3094 prohibebimus?
824 3012 908 3086 Alia,
922 3011 1036 3095 inquis,
1052 3019 1160 3076 nostra
1175 3018 1248 3075 suut
1261 3020 1410 3094 tempora,
1544 3005 1545 3009 ’

64 3102 196 3184 theologi
218 3102 299 3166 euim
310 3101 403 3184 juxta
416 3108 610 3166 astronomos
623 3109 769 3185 pugnant
805 3102 876 3165 Non
891 3101 1065 3165 indecorum
1080 3100 1140 3165 erit
1161 3101 1326 3183 astrologis
1342 3101 1407 3164 dis·

61 3192 205 3267 suadere,
228 3191 308 3273 quod
323 3190 462 3272 religioni
484 3190 685 3273 perniciosum
700 3197 769 3254 erat
784 3189 924 3256 futurum
960 3190 1070 3254 Video¹
1082 3192 1159 3254 haee
1174 3190 1220 3255 ita
1235 3190 1294 3254 dioi
1308 3209 1409 3272 posse.

61 3281 174 3345 Verum
195 3281 223 3344 si
244 3281 304 3344 boc
324 3286 408 3343 metu
429 3279 517 3347 liberi
539 3298 623 3358 esse,
645 3280 672 3343 si
694 3279 795 3343 media
815 3280 948 3362 reperire
969 3281 1136 3362 possimus,
1159 3280 1267 3363 quibus
1290 3280 1408 3344 abunde

61 3369 147 3434 uobis
163 3376 285 3434 cautum
300 3369 351 3445 sit,
366 3369 438 3452 quid
451 3376 517 3433 tum
532 3369 630 3433 adhuc
645 3369 767 3434 differat
781 3375 982 3444 astronomos,
1005 3369 1176 3451 quominus
1192 3369 1410 3434 correctionem

61 3461 100 3524 ad
121 3459 272 3542 majorum
294 3477 416 3522 snorum
435 3458 606 3540 exemplum
628 3466 775 3542 urgeant,
797 3464 830 3519 et
850 3457 1072 3540 Gregorianam
1092 3459 1334 3550 emendationem
1344 3458 1409 3539 jam

61 3556 264 3632 propagatam
279 3549 464 3631 approbent3
487 3568 548 3612 non
563 3547 683 3631 quidem
697 3555 733 3612 ut
748 3547 900 3630 optimam,
917 3549 972 3611 sed
986 3556 1021 3612 ut
1035 3569 1095 3613 uon
1112 3549 1231 3612 omnino
1247 3549 1411 3632 pessimam

61 3639 207 3722 proximis
222 3637 405 3720 praesertim
420 3637 546 3701 seculis:
570 3657 641 3702 uam
656 3637 851 3707 remotiorum
866 3657 923 3700 uos
938 3638 1038 3705 nullus
1054 3644 1142 3702 tenet
1155 3645 1264 3722 metus.

149 3726 232 3800 Quid
247 3733 359 3802 autem,
374 3726 429 3804 ais,
444 3746 501 3790 uos
514 3734 647 3804 moveat,
663 3747 716 3790 cur
725 3726 849 3790 tandem
863 3745 970 3793 manus
987 3728 1100 3804 demus,
1116 3729 1276 3793 cumnulla
1285 3734 1411 3792 teneant

64 3824 188 3882 nostras
204 3823 309 3900 partes
331 3816 541 3881 incommoda?
564 3816 710 3881 'Primum
727 3815 793 3900 jam
815 3816 928 3899 aliquid
942 3817 1032 3899 hujus
1048 3817 1118 3880 dixi.
1155 3817 1335 3882 Astronomi
1349 3836 1425 3903 non·

66 3914 185 3971 tantum
200 3905 435 3982 mutilitatem,
457 3905 626 3969 sedetiam
648 3906 687 3969 ad
710 3905 845 3969 ordinem
867 3913 899 3969 et
921 3907 1176 3989 pulchritudinem
1197 3908 1306 3972 intenti
1330 3912 1411 3981 sunt,

65 4004 176 4061 natura
192 3997 396 4080 quantitatum
410 3995 457 4060 ita
471 3995 597 4060 ferente.
634 3992 715 4060 Nam
731 3996 757 4060 si
771 3997 839 4059 Deo
854 3997 996 4059 mundum
1011 3996 1127 4078 placuit
1142 4015 1249 4062 ornare
1264 3994 1411 4078 perfectis
1488 4011 1495 4018 ·

63 4086 302 4171 quantitatibus,
324 4104 379 4150 cur
392 4105 453 4150 non
469 4091 502 4148 et
516 4085 703 4155 astronomis
715 4085 816 4168 aliqua
839 4085 932 4148 etiam
950 4086 1099 4167 perfectio
1115 4088 1239 4169 placeat
1251 4085 1285 4149 in
1299 4084 1409 4149 fastis?

63 4175 182 4240 Deinde
199 4175 305 4239 eadem
320 4175 510 4239 concinnitas
525 4194 646 4250 movere
663 4175 795 4239 debebat
809 4175 975 4258 principes,
994 4182 1042 4251 ut,
1060 4177 1201 4259 quoniam
1216 4174 1334 4239 omniuo
1346 4174 1411 4256 jam

63 4265 257 4331 Christianus
279 4263 362 4329 orbis
385 4263 521 4347 suscepit
541 4262 798 4339 emendationem,
819 4263 878 4347 ipsi
899 4264 931 4329 in
946 4283 979 4328 re
993 4265 1094 4329 media
1114 4286 1173 4328 non
1190 4263 1302 4329 diutins
1319 4264 1357 4328 ab
1374 4284 1411 4328 eo

64 4353 240 4420 dissideant
276 4354 387 4421 Faciet
399 4373 507 4438 nempe
524 4354 564 4418 ad
585 4353 697 4436 publici
713 4361 813 4418 status
830 4354 1001 4418 decentiam
1021 4354 1216 4418 conformitas
1232 4360 1409 4438 temporum.

66 4443 207 4510 Sufficiat
216 4442 282 4526 jam
301 4463 357 4529 per
372 4463 469 4508 anuos
485 4440 594 4526 viginti
610 4442 671 4506 fere
683 4444 909 4509 demonstrasse
918 4442 1023 4528 Papae
1032 4444 1207 4508 libertatem
1216 4463 1312 4508 suam.
1341 4447 1412 4511 Jam

65 4533 204 4610 isvidet,
225 4553 335 4616 posse
350 4553 407 4597 nos
424 4539 457 4596 et
470 4532 567 4597 velle
585 4531 690 4608 etiam,
711 4533 737 4596 si
752 4532 840 4597 nobis
854 4534 967 4619 prosit,
988 4534 1120 4600 retinere
1136 4533 1278 4617 antiquos
1295 4536 1410 4601 fastos:

68 4623 146 4708 quod
170 4630 274 4688 autem
287 4623 486 4689 'emendemus
509 4628 546 4687 ut
568 4620 633 4704 ipse
659 4622 843 4699 emendavit,
868 4643 929 4689 non
959 4623 1028 4704 cogi
1052 4621 1108 4686 sed
1131 4622 1177 4686 ita
1200 4624 1312 4691 bonnm
1337 4644 1409 4690 cen·

70 4732 143 4780 sere.

150 4800 258 4869 Tertio
273 4800 336 4872 etsi,
347 4801 421 4870 nibil
436 4799 558 4869 adversi
572 4800 660 4869 nobis
674 4802 823 4901 hactenus
844 4801 903 4868 hoc
925 4801 962 4867 de
978 4808 1072 4868 causa
1091 4803 1236 4888 condgit:
1261 4810 1365 4869 tamen
1379 4803 1411 4869 iu
