3194 5482
553 290 865 358 consummansque
1334 268 1378 338 83

16 429 21 462 l
72 432 244 496 mistionem
260 433 326 514 ejus
342 453 422 496 anuo
437 453 498 497 non
513 433 580 509 38.,
602 435 658 498 sed
677 434 728 498 sl.
743 434 958 518 quaerendam,
981 440 1034 497 aut
1048 433 1202 497 Ln'uannm
1220 438 1379 513 poetarum

15 518 18 524 ‘
68 541 127 584 nora
140 523 260 603 tingere.
294 523 454 586 Posterius
469 525 568 598 credo,
584 525 653 606 quia
667 525 750 605 prius
764 545 820 606 per
835 525 981 588 calculum
996 532 1046 586 cst
1059 521 1251 605 impossibile.
1285 522 1379 604 quue

67 630 89 673 eo
99 612 188 692 magis
203 612 244 674 ob
260 620 423 693 sequentes
438 612 581 684 rationes
618 615 751 678 Primum
767 634 805 677 ex
819 614 949 677 lectione
964 613 1078 677 Lucani
1095 611 1293 694 deprehendi,
1314 611 1378 672 Lu-

65 719 148 763 cnum
160 702 194 763 in
209 702 422 764 astronomicis
437 703 566 765 tironem
581 703 682 767 fuisse.
718 705 754 767 Id
769 704 905 785 quamvis
921 722 960 766 ex
975 703 1043 767 aliis
1058 702 1197 782 Scaliger
1211 700 1242 762 in
1255 700 1379 780 Hyper-

64 790 147 852 cn'tim
163 790 305 871 colligat,
326 791 400 853 mihi
421 798 524 866 tamen
546 792 656 855 sufficit
678 811 716 855 ex
739 795 803 855 solo
825 794 884 856 hoc
905 793 972 856 loco
994 792 1026 854 in
1047 789 1222 873 praesentia
1242 789 1380 870 probare.

62 880 118 943 ires
130 880 217 960 ponit
230 880 263 942 in
278 881 364 942 coelo
379 889 534 962 tyrannos,
549 888 613 945 tres
628 882 833 945 auxiliatores.
856 883 942 947 Mala
957 887 1006 945 est
1021 879 1223 953 constellatio,
1239 878 1266 940 si
1282 878 1379 940 domi-

62 977 129 1031 tetnr
143 976 343 1049 tyrannorum
357 970 479 1051 aliquis,
500 971 587 1034 bonis
602 972 733 1034 afflictis.
765 971 800 1035 Si
815 971 965 1036 Saturnus
989 971 1030 1034 sit
1051 971 1082 1034 in
1104 971 1192 1033 domo
1213 967 1282 1041 sua',
1304 985 1380 1048 qnae

62 1065 95 1120 cst
105 1058 267 1139 Aquarius,
282 1059 328 1120 ait
342 1059 484 1122 diluvium
498 1060 643 1136 futurnm3
669 1060 694 1122 si
710 1059 765 1123 Sol
779 1062 810 1123 in
826 1061 914 1123 domo
929 1080 998 1136 sua,
1021 1059 1138 1124 scilicet
1152 1060 1184 1122 iu
1198 1058 1310 1131 Leone,
1331 1055 1380 1119 in·

63 1147 190 1222 cendium3
221 1148 247 1210 si
269 1149 355 1210 Mars
375 1149 406 1210 in
430 1150 517 1210 domo
538 1170 606 1223 sua,
628 1150 746 1212 scilieet
766 1151 796 1212 in
820 1149 1001 1231 Scorpione,
1024 1149 1143 1211 bellum.
1189 1144 1285 1218 Quasi
1308 1163 1381 1208 vero

62 1236 231 1316 planetarum
253 1237 337 1303 nulla
359 1238 476 1301 malitia
499 1238 546 1299 vel
569 1238 714 1301 fortitudo
737 1259 827 1321 quam
847 1259 886 1301 ex
902 1239 964 1301 suis
980 1237 1136 1301 domibus?
1174 1235 1238 1299 Sed
1253 1234 1382 1297 tironem

37 1325 132 1399 ,riter
152 1326 236 1406 loqni
258 1346 319 1387 non
341 1322 438 1388 decet
473 1328 552 1389 lllud
574 1327 666 1390 etiam
688 1328 724 1389 de
741 1328 852 1389 diluvio
874 1328 976 1389 nescio
999 1346 1088 1408 quam
1102 1346 1181 1390 vere.
1217 1323 1381 1389 consimile

64 1435 166 1496 nanque
182 1425 382 1495 praeceptum
404 1435 463 1477 non
478 1415 539 1477 vidi
555 1417 635 1496 apud
650 1417 831 1496 astrologos.
868 1415 1018 1479 Saturnus
1041 1416 1119 1478 enim
1134 1434 1193 1478 nou
1208 1412 1382 1478 humoribus

65 1505 102 1565 sed
114 1504 276 1584 frigoribus
291 1512 423 1584 praeest
453 1504 512 1567 Ubi
535 1505 632 1567 obiter
653 1506 710 1567 duo
726 1506 787 1567 alia
809 1512 911 1567 errata
926 1506 1033 1567 fateor.
1073 1503 1201 1567 Summo
1215 1504 1245 1566 et
1251 1501 1383 1585 frigida
1450 1584 1451 1588 Ἰ

12 1556 17 1682 l
64 1591 125 1656 coelo
144 1590 240 1656 sulla
262 1591 398 1655 Satums‘
418 1593 471 1655 rel.
516 1593 597 1656 Sane
620 1592 694 1656 nihil
716 1594 796 1656 aliud
818 1595 876 1656 hoc
898 1602 947 1656 est
969 1612 1058 1677 quam
1079 1594 1236 1674 epitheton
1257 1589 1384 1655 Saturni

13 1690 16 1721 ¹
65 1682 137 1744 asitn
151 1682 183 1744 in
198 1683 319 1756 mundo,
335 1696 480 1745 summum
495 1682 572 1744 enim
588 1683 701 1745 coelum
716 1683 869 1746 mobilium
884 1689 932 1745 est
942 1681 1075 1746 Saturni.
1105 1682 1172 1762 Ego
1187 1699 1259 1744 vero
1276 1699 1382 1762 quam-

13 1771 16 1861 ]
65 1771 225 1834 linhucano
242 1772 401 1835 scientiam
416 1781 566 1835 astrorum
581 1771 680 1847 tribui,
696 1772 775 1835 aliud
792 1792 831 1835 ex
844 1772 893 1836 his
908 1772 1008 1835 verbis
1025 1771 1213 1852 colligebam,
1227 1778 1263 1832 nt
1276 1769 1382 1832 memi-

65 1859 125 1923 nisse
138 1869 237 1941 potes
268 1860 447 1937 Deindeid:
462 1863 570 1943 nigros
583 1860 678 1943 ipses,
694 1882 767 1925 sane
782 1880 926 1944 perquam
942 1862 1097 1942 eleganter
1113 1862 1204 1923 doces
1213 1858 1383 1941 intelligere

66 1949 88 2011 le
101 1949 224 2024 nebulis,
241 1968 298 2031 quo
314 1950 381 2012 loco
396 1969 457 2013 non
472 1950 560 2033 longe
576 1951 693 2014 recedis
710 1973 728 2014 a
742 1951 857 2038 Lucani
873 1950 1047 2026 scholiaste,
1062 1950 1111 2031 qui
1127 1948 1302 2012 nebulosum
1318 1947 1383 2027 ejus

65 2038 192 2120 iolgorem
212 2038 315 2101 notari
336 2038 388 2101 ait
432 2039 499 2120 Ego
520 2056 592 2103 vero
615 2038 652 2102 de
667 2041 819 2122 Praesepe
843 2048 876 2103 et
895 2040 1011 2104 Asellis
1034 2038 1252 2102 intellexeram.
1280 2035 1383 2120 Usque

14 2166 17 2209 ,
65 2127 121 2190 adeo
136 2127 224 2191 facile
242 2147 361 2192 errores
379 2128 573 2210 plantantur,
595 2129 664 2192 dum
679 2150 754 2193 unns
775 2131 903 2192 alterum
924 2129 1056 2210 adjuvat
1092 2125 1155 2192 Sed
1170 2127 1328 2190 redeamus
1344 2125 1384 2188 ad

15 2285 17 2296 ,
65 2218 242 2299 analogiam
251 2217 375 2280 Lucani.
404 2218 563 2281 Beneficus
579 2226 643 2281 tres
658 2238 718 2281 non
734 2219 823 2283 aliter
838 2218 987 2293 debilitat,
1002 2217 1080 2280 acsi
1096 2216 1280 2297 astrologiae
1296 2215 1381 2296 prin-

15 2356 17 2362 .
65 2305 123 2387 cipis
138 2306 284 2369 dictaret:
309 2306 335 2368 si
358 2306 475 2369 scilicet
497 2307 605 2388 singuli
627 2307 785 2371 contrariis
807 2327 879 2371 snae
901 2315 1029 2371 naturae
1052 2304 1273 2369 conditionibus
1294 2313 1382 2366 tene·

66 2404 141 2459 ntur.
176 2396 299 2476 Jupiter
313 2394 394 2458 mitis
410 2395 563 2476 premitur,
578 2396 683 2478 quique
699 2415 754 2478 per
768 2416 801 2460 se
818 2397 898 2459 altus
915 2404 971 2471 est,
987 2415 1097 2459 occasu
1111 2396 1242 2457 laborat
1277 2391 1383 2456 Venus

67 2485 136 2547 solla
157 2494 207 2547 est
228 2505 283 2565 per
298 2505 331 2547 se
346 2483 568 2561 lucentissima,
591 2487 670 2548 hanc
686 2486 760 2549 dicit
772 2486 892 2549 hebere.
929 2484 1097 2549 Mercurius
1117 2482 1194 2546 alids
1211 2481 1383 2547 celerrimus
1465 2508 1469 2517 “

66 2578 124 2636 nnnc'
137 2575 254 2638 haeret
279 2571 369 2645 ,Quis
390 2594 451 2637 nou
471 2574 571 2651 videt,
596 2575 698 2638 ludere
721 2576 875 2638 Lucanum
897 2582 1055 2656 pottamm
1075 2591 1173 2648 more,
1196 2572 1266 2634 dum
1287 2570 1389 2651 lingit,

67 2663 126 2742 qnod
139 2664 261 2745 aptiora
276 2671 383 2744 optare
399 2663 517 2726 nescit?
545 2663 648 2747 Atque
664 2684 702 2728 en
717 2665 812 2726 denuo
834 2661 907 2727 mihi
923 2663 1064 2744 fatendus
1081 2670 1129 2725 est
1144 2679 1228 2723 error
1247 2660 1383 2723 inversu

67 2753 195 2834 sequenti:
219 2773 278 2815 cuer
290 2752 383 2834 signa
396 2761 516 2833 emotus
529 2761 583 2816 etc.
612 2754 693 2818 Nam
713 2753 760 2816 his
781 2753 882 2817 verbis
892 2752 957 2834 jam
979 2772 1040 2815 nou
1055 2751 1183 2833 amplius
1199 2751 1236 2815 de
1251 2746 1383 2827 planetis

68 2841 128 2920 agit,
147 2849 182 2903 nt
196 2842 281 2921 prius
296 2841 522 2917 existimabam,
544 2842 599 2905 sed
620 2843 784 2924 aplanetis
800 2842 840 2906 ad
854 2842 932 2904 lixas
948 2841 1032 2904 venit
1054 2861 1109 2904 nec
1126 2838 1207 2902 aliud
1222 2839 1303 2913 vult,
1325 2835 1384 2899 nisi
1471 2892 1473 2896 .

69 2929 141 3010 signis
162 2931 274 2994 ceteris
296 2932 351 2994 sub
375 2932 470 2995 Terra
494 2931 682 3017 absconditis
705 2932 800 2995 solum
828 2931 998 3014 meysam
1022 2929 1169 2994 &ieram
1193 2928 1386 3009 conspicuum

19 3072 20 3087 .
69 3036 126 3081 sse.
151 3022 239 3083 Haec
254 3033 328 3083 saue
345 3020 444 3083 omnia
458 3020 571 3102 partim
586 3020 736 3103 simplices
752 3021 973 3100 astrologorum
988 3020 1109 3101 regulas
1124 3018 1237 3100 partim
1246 3017 1384 3082 fictiones

69 3110 182 3185 poeticas
198 3102 250 3190 (ut
266 3109 302 3171 de
319 3108 431 3172 Orione
447 3117 480 3172 et
493 3105 645 3192 Aquario)
661 3110 791 3191 sapiunt.
820 3109 864 3174 Et
877 3109 984 3172 mirum
1000 3127 1088 3185 sane,
1108 3107 1243 3171 iuvenire
1263 3125 1310 3169 me
1325 3125 1383 3187 po·

19 3203 21 3217 ”
70 3197 142 3260 tuisse
157 3197 421 3261 constellationem
435 3199 580 3281 aliquam,
603 3219 679 3282 quae
695 3200 913 3282 quadamtenus
936 3196 1155 3262 accommodari
1177 3197 1246 3259 huic
1261 3195 1384 3258 votivae

19 3263 22 3291 ¹
70 3293 155 3362 poetae
172 3287 367 3368 descriptioni
381 3288 488 3369 possit
510 3287 614 3370 Atque
629 3289 687 3355 hoc
701 3289 828 3370 primum
843 3296 892 3350 est
907 3297 1124 3369 argumentum,
1140 3305 1197 3369 quo
1213 3305 1273 3349 non
1290 3302 1384 3367 quae-

70 3376 171 3439 undam
185 3377 218 3438 in
232 3385 343 3440 natura
358 3395 497 3439 censeam
512 3376 628 3440 Lucani
643 3378 751 3441 faciem
766 3378 851 3442 coeli.

134 3464 275 3529 Alterum
296 3473 503 3546 argumentum
524 3467 554 3528 in
577 3486 613 3528 eo
636 3466 793 3547 consistit,
815 3467 895 3549 quod
917 3460 1181 3530 constellationem
1203 3470 1338 3526 atrocem
1353 3469 1387 3524 et

71 3555 205 3635 tragicam,
221 3571 297 3637 quae
313 3555 369 3617 sub
384 3555 561 3636 principium
575 3556 709 3635 ejusdem
725 3557 795 3619 anni
803 3555 943 3630 Romani,
959 3576 999 3618 sc.
1016 3555 1046 3620 in
1060 3549 1385 3616 NovembremJuliani

70 3640 159 3719 incidit
175 3663 235 3706 non
253 3643 395 3706 celebrat
426 3642 542 3714 Quodsi
558 3653 613 3708 aut
626 3646 767 3708 Lucanus
782 3645 891 3707 fuisset
905 3644 1077 3725 astrologus
1094 3649 1127 3705 et
1141 3641 1305 3706 coelestem
1321 3640 1385 3721 ejus

70 3734 192 3813 temporis
214 3733 352 3796 habitum
372 3735 555 3797 numerando
580 3734 734 3816 exquirere
757 3733 915 3797 didicisset
936 3742 990 3797 ant
1011 3732 1198 3814 astrologum
1218 3732 1277 3794 hac
1297 3731 1336 3793 de
1352 3747 1385 3792 re

20 3834 22 3841 ¹
69 3823 264 3896 consuluisset,
284 3822 453 3886 rectissime
472 3823 523 3885 ille
545 3823 784 3904 conjunctionem
802 3823 885 3885 illam
904 3817 1207 3904 pessimam'Saturui
1227 3828 1260 3882 et
1273 3818 1387 3883 Martis

20 3906 23 3937 ἲ
69 3906 88 3971 in
102 3908 154 3974 10⁰
169 3922 218 3977 ὲ
234 3904 439 3987 celebrasset,
456 3932 513 3975 nec
528 3930 602 3993 opus
618 3913 727 3975 inisset
740 3914 781 3976 ad
795 3912 846 3976 38.
856 3932 967 3975 aunum
982 3911 1166 3975 descendere
1182 3909 1222 3972 ed
1236 3908 1299 3971 tale
1315 3906 1386 3989 qnid

11 4024 22 4083 j
68 3995 263 4082 inquirendum
301 3998 362 4072 Qui
383 4001 476 4082 igitur
496 4001 607 4063 Martis
630 4002 663 4063 in
682 4012 719 4080 111
734 4021 868 4077 cursum,
891 4002 970 4083 qnod
991 4001 1027 4065 fit
1042 4002 1139 4064 altero
1161 4017 1277 4080 qnoque
1298 4015 1385 4071 anno,

11 4089 22 4173 j}
67 4089 125 4152 aleo
140 4098 325 4171 exaggerat,
346 4091 424 4153 bone
438 4091 538 4154 Deus!
562 4109 651 4173 quam
670 4092 823 4172 potuisset
845 4091 895 4153 ille
918 4089 1045 4171 tragicis
1059 4089 1161 4152 verbis
1175 4088 1238 4150 illic
1252 4087 1312 4162 uti,
1334 4083 1386 4148 ubi

11 4196 13 4201 ’
66 4179 198 4242 unssime
221 4180 279 4242 hoc
301 4179 351 4254 lit,
371 4180 449 4243 Jove
471 4180 502 4243 in
518 4194 551 4247 e)
575 4189 607 4242 et
623 4179 695 4244 Sole
718 4181 749 4243 in
763 4191 800 4259 tq
819 4187 979 4255 versante,
1002 4187 1037 4243 ut
1057 4187 1183 4261 uterque
1204 4177 1302 4240 malus
1325 4175 1387 4237 sint
1480 4244 1488 4255 ,

66 4269 220 4332 orientales
249 4263 354 4330 Tertio
371 4268 491 4343 scribit,
513 4268 642 4350 eclipses
659 4267 741 4332 Solis
764 4276 796 4333 et
810 4269 915 4332 Lunae
938 4268 1027 4332 simul
1049 4267 1240 4350 apparuisse,
1263 4282 1388 4347 quarum

11 4432 14 4442 Ι
65 4359 155 4421 ullius
169 4357 253 4439 apud
268 4357 432 4437 scriptores
448 4356 693 4438 diligentissimos
708 4376 764 4420 nec
779 4358 859 4438 apud
873 4358 1003 4421 Plinium
1019 4365 1125 4420 exstat
1138 4355 1261 4419 mentio.
1292 4353 1386 4419 Com·

11 4445 23 4508 ⁰.
65 4453 200 4509 uentator
216 4444 365 4526 Sulpicius
381 4446 496 4526 allegat
509 4446 642 4527 Appiani
657 4447 764 4521 verba,
784 4447 891 4528 quibus
905 4447 1045 4527 prodigia
1064 4445 1145 4509 illius
1165 4443 1249 4517 anni,
1269 4443 1386 4525 snppli-

65 4537 181 4599 adunes
196 4535 239 4596 ad
254 4534 370 4614 templa
385 4534 508 4597 deorum
522 4535 696 4616 descripsit:
721 4535 804 4598 nulla
819 4535 941 4616 eclipsis
956 4536 1011 4609 ibi,
1034 4535 1133 4598 nullus
1150 4533 1243 4596 etiam
1258 4540 1386 4596 cometa.

11 4623 23 4713 ’,ζ
66 4620 127 4688 Sane
143 4623 268 4706 eclipsis
284 4642 321 4686 ea
336 4624 410 4687 suni.
422 4632 614 4704 tempestate,
630 4642 689 4704 qna
703 4624 808 4705 fugere
824 4625 974 4700 consules,
988 4643 1056 4688 esse
1073 4643 1134 4687 non
1146 4622 1258 4704 potuit
1272 4641 1341 4686 cum
1355 4625 1388 4692 li

12 4728 24 4784 ’ζ
66 4712 131 4778 sitin
145 4726 186 4804 up.
219 4710 324 4785 Quare
340 4713 384 4775 sic
400 4732 455 4793 ego
472 4713 625 4787 existimo,
647 4713 674 4775 si
687 4714 775 4793 plura
798 4715 1021 4796 astrologorum
1042 4713 1162 4795 tragica
1180 4712 1309 4779 decreta
1322 4711 1388 4776 Lu·

13 4807 23 4900 'p
67 4803 302 4868 amsmsmoria
316 4801 474 4877 tenuisset,
488 4803 576 4884 plura
591 4802 683 4865 etiam
698 4802 918 4883 descripturum
932 4802 1034 4868 fuisse.
1084 4831 1085 4834 ¹

768 4898 772 4907 ,
1143 4905 1180 4958 6,
