3134 5482
432 255 441 265 ·
532 244 640 306 helogar
660 222 806 293 chronicae
1268 251 1327 308 ⁴lt‘rl

39 416 195 494 recidatis,
219 415 276 480 sed
300 435 338 487 ex
362 412 596 500 computatione
618 438 675 482 444
697 416 731 480 S.
755 417 970 499 chrysostomi
992 439 1050 483 seu
1074 419 1207 486 Romani
1230 421 1330 489 alicn-

39 530 68 584 4,
91 526 131 569 ex
154 522 293 588 quornm
317 505 490 570 traditione
512 505 545 569 S.
569 506 813 589 Chrysostomus
836 507 893 570 illa
913 503 1047 590 'accepit
1072 515 1105 571 et
1119 530 1187 573 esse
1202 510 1332 592 quidem

39 601 193 659 sumtum
223 614 262 657 ex
293 614 379 659 anno
408 590 544 665 Juliano
569 601 621 673 45,
654 595 908 660 44-41111414144
932 603 1093 662 444446.
1117 598 1329 663 Martiocon·

39 692 122 767 ptus
149 690 239 751 esset
268 687 301 747 et
331 683 375 748 sic
398 683 568 766 Dionysius
599 683 641 749 ab
664 685 884 748 incarnatione
907 686 1191 767 seuconceptione
1214 687 1333 753 Christi
1399 737 1401 741 -

39 769 207 838 44444441.
237 771 301 836 Sed
323 771 399 854 quid
420 790 480 853 ego
494 772 573 837 haec
589 790 739 855 recoquo,
762 777 836 837 cum
851 774 884 837 14
898 773 1115 856 superioribus
1130 775 1335 857 scripserim?

98 855 222 926 Paruhr
250 859 361 925 abesse
415 869 481 938 uto,
513 861 591 944 quin
612 859 697 925 alter
719 861 858 926 alterum
880 861 1132 945 triumphemum¹
1158 873 1215 945 ego
1237 871 1270 928 te
1293 860 1333 929 (14

39 956 114 1015 orte
137 949 273 1014 Herodis
297 954 329 1013 et
351 969 394 1014 na
431 950 453 1014 li
474 945 681 1035 1411444440,
704 955 742 1014 tn
764 971 816 1015 mc
837 950 878 1014 de
900 972 986 1015 anno
1002 953 1158 1035 passionis
1175 954 1226 1031 74.
1250 952 1333 1017 Nara

39 1050 42 1057 '
64 1044 181 1102 contra
203 1037 416 1120 Epiphaniam
438 1038 530 1103 nulla
551 1038 612 1103 erit
633 1039 786 1122 exceptio,
811 1059 870 1121 ego
894 1040 1055 1104 calamum
1077 1047 1152 1123 post
1172 1040 1334 1105 sumerem

39 1132 172 1213 ›jectnm
194 1127 365 1209 requiram,
399 1128 588 1206 (14444444
612 1127 728 1192 4114414
752 1127 793 1190 ad
816 1127 870 1192 lib.
894 1128 934 1191 de
957 1128 1058 1192 Stella
1080 1150 1164 1203 nova
1186 1126 1277 1212 Serp.
1300 1151 1332 1212 p.

39 1223 71 1281 35
99 1214 158 1297 [ΙΙ.
182 1214 273 1298 70111)
296 1221 331 1278 41
353 1236 499 1280 reversus
522 1216 630 1299 quiete
651 1237 702 1280 me
725 1236 912 1299 componam
935 1206 1160 1298 ad‘subsellia,
1182 1225 1216 1281 te
1239 1239 1336 1301 porro

39 1305 190 1369 rditnrus.
234 1305 341 1386 Atque
364 1324 404 1367 en
427 1303 485 1368 tibi
507 1326 546 1369 ex
567 1326 639 1369 meo
654 1325 805 1370 concessu
820 1305 919 1369 alium
935 1305 1106 1383 acinacem,
1131 1322 1196 1388 quo
1210 1326 1336 1370 mecum

39 1413 143 1475 ignes.
189 1393 257 1475 Ego
275 1395 343 1476 jam
365 1391 487 1475 pridem
509 1394 665 1458 versoria
680 1393 728 1458 his
744 1393 997 1476 cogitationibus,
1020 1392 1220 1464 Judaeorum
1234 1416 1335 1486 annos

39 1490 85 1547 aa
108 1480 330 1546 'Thclmudica
364 1489 511 1565 tempora
545 1481 595 1546 441
628 1489 714 1547 44414
749 1489 823 1546 ante
856 1482 1075 1566 captivitatem
1107 1480 1335 1565 Babylonicam

39 1591 121 1634 nnes
142 1571 298 1652 incepisse
320 1589 342 1633 a
363 1569 449 1634 14414
468 1571 582 1653 prima,
608 1592 691 1654 quae
712 1571 874 1635 novilunio
895 1570 1095 1653 praecedenti
1119 1570 1168 1634 vel
1191 1573 1335 1654 sequenti
1380 1569 1383 1579 '

39 1659 143 1745 mpior
173 1663 274 1723 esset.
320 1660 371 1723 Sic
401 1660 485 1722 enim
515 1679 641 1742 sempor
674 1664 724 1723 10.
752 1658 819 1722 dies
847 1660 984 1737 mensis,
1016 1680 1081 1742 quo
1104 1659 1333 1742 operabantur,

39 1748 182 1829 ligentes
205 1756 339 1827 agnum
371 1754 457 1811 esset
485 1747 567 1812 feria
598 1754 626 1811 3.
665 1746 877 1813 'Accedebant
906 1747 988 1812 aliae
1012 1747 1187 1811 nonnullae
1210 1750 1333 1831 conjec-

39 1857 117 1914 1444,
147 1835 203 1898 sed
225 1856 283 1900 mc
313 1836 461 1900 retinnit¹
478 1856 582 1900 annus
612 1835 825 1919 Dionysianns
857 1841 909 1914 lli,
940 1857 1003 1917 quo
1035 1836 1154 1918 pascha
1176 1829 1334 1919 Josephna
1430 1855 1435 1892 .’
1508 1837 1513 1857 “

39 1924 213 1989 debratum
242 1925 290 1988 ait
319 1929 349 1988 8.
381 1923 518 2002 xantici,
550 1944 635 2006 qnae
664 1923 726 1988 fnit
753 1923 886 1988 144142.
933 1925 974 1989 Et
995 1925 1130 1989 tradunt
1151 1924 1276 2002 Judaei,
1301 1947 1336 1987 se

39 2013 83 2078 dc
113 2033 135 2076 a
165 2013 351 2095 captivitate
371 2011 568 2095 Babylonica
598 2034 684 2077 usos
704 2012 766 2076 hoc
788 2034 903 2096 genere
922 2011 1078 2077 testordm
1102 2036 1141 2079 ex
1163 2013 1336 2079 traditione

41 2102 158 2181 agistri
188 2100 370 2184 cujusdam,
402 2108 481 2191 puto
502 2100 649 2176 111114114.
696 2102 773 2166 Nec'
791 2102 856 2167 scio
886 2102 989 2180 hodie,
1025 2103 1080 2184 qui
1110 2108 1229 2186 neget·
1248 2103 1334 2184 ipsos
1408 2116 1416 2131 ·

39 2211 134 2254 inum
165 2211 238 2254 cum
271 2189 361 2254 huna
390 2189 561 2273 incepisse,
592 2190 652 2276 4141
681 2190 763 2273 14414
785 2191 983 2255 intermediis
1006 2196 1049 2255 40
1072 2198 1145 2273 post
1166 2212 1335 2256 ascensum

39 2279 139 2344 omini
175 2279 271 2343 'annis
308 2277 433 2360 aliquid
465 2283 641 2356 noverunt,
679 2278 895 2349 invalescente
929 2280 1073 2363 potentia
1106 2281 1334 2345 Romanorum.

40 2389 140 2451 eques
155 2373 263 2431 tamen
292 2366 408 2451 injuria
434 2364 663 2455 stomachatus
680 2368 778 2433 videri
801 2367 900 2433 debeo
923 2370 1008 2451 (pag.
1037 2368 1112 2450 135)
1136 2389 1241 2451 neque
1264 2388 1336 2432 mea

39 2456 227 2526 omcchatio
248 2478 307 2539 pro
330 2462 517 2538 argumento
539 2457 647 2538 negati
668 2457 745 2522 amri
765 2460 816 2522 tc
832 2457 934 2539 accipi
949 2456 1060 2521 debet:
1084 2477 1159 2520 nam
1175 2457 1214 2521 de
1229 2464 1332 2522 astro·

39 2547 119 2610 amia
141 2544 337 2628 loquebatur
358 2544 495 2628 Snslyga
517 2544 711 2622 contemtim,
734 2566 772 2610 ac
795 2545 821 2609 si
835 2545 899 2610 illa
922 2551 1055 2629 propter
1076 2546 1271 2621 errorculos,
1300 2546 1335 2608 in

39 2633 131 2698 uibus
147 2633 313 2698 elimandis
327 2634 433 2720 adhuc
449 2633 628 2712 laboratur,
651 2635 685 2698 14
699 2630 831 2700 dubium
848 2634 952 2699 vocari
966 2635 1066 2717 possit
1077 2633 1163 2730 circa
1173 2635 1334 2716 integrunt

41 2723 146 2787 duum
169 2729 228 2788 aut
248 2722 402 2787 triduum.
677 2797 680 2806 1
1238 2764 1239 2767 ¹

98 2811 153 2876 Me
196 2831 260 2875 non
301 2812 488 2896 percepisti,
528 2809 605 2874 dnm
639 2810 835 2892 Scahgerum
875 2809 956 2875 facio
991 2809 1097 2874 tecum
1124 2809 1334 2889 contendere.

39 2899 80 2964 ibi
112 2899 221 2967 tribua
249 2897 333 2963 diem
355 2893 544 2978 natalitium,
574 2901 635 2984 ipsi
657 2902 794 2964 annum,
832 2900 880 2964 Ex
902 2900 1096 2964 auctoritate
1119 2899 1336 2981 chrysostomi

39 3011 44 3052 ι
68 3008 194 3072 pugnas
216 3003 275 3070 pro
298 2988 350 3052 die
374 2993 425 3053 25.
449 2988 526 3055 Dec.
550 2997 583 3053 et
605 2988 752 3055 irasceris
767 2990 839 3071 ipsi,
859 2988 937 3057 huic
949 2988 1135 3053 auctoritati
1149 2988 1332 3068 refraganti,

39 3086 47 3137 ‚¹
64 3083 196 3160 practer
218 3077 436 3157 auctoritates⁸
450 3084 640 3160 argumenta
661 3075 778 3143 adfers.
814 3077 919 3142 'Idem
941 3076 1037 3160 plane
1059 3081 1093 3139 41
1115 3074 1257 3175 Scaliger
1276 3096 1335 3158 pro

39 3189 96 3232 ruo
121 3172 173 3230 43.
195 3166 328 3231 Juliano
350 3173 472 3250 pugnat
494 3188 533 3229 ex
555 3167 749 3235 auctoritate
770 3165 941 3251 Epiphanii
963 3172 996 3230 ct
1018 3164 1080 3248 tibi
1099 3164 1194 3229 irasci
1217 3170 1334 3247 potest,

39 3277 73 3319 in
106 3255 207 3319 stanti
238 3255 428 3319 auctoritati
457 3254 639 3339 Epiphanii,
671 3262 703 3320 et
733 3255 930 3337 argumentis
960 3256 1146 3346 utiturpro
1168 3273 1254 3317 anno
1276 3273 1335 3328 suo

39 3353 117 3409 tero
143 3337 366 3423 astronomica,
398 3343 485 3426 quod
514 3362 655 3427 aequum
677 3349 726 3407 cst
749 3340 802 3408 ms'
823 3350 1043 3420 astronomum
1064 3343 1196 3406 maximi
1218 3341 1333 3418 144444,

39 3434 69 3497 41
85 3432 200 3496 dextre
214 3432 345 3510 solvam,
369 3430 529 3497 altero-ab
544 3431 764 3515 Evangellstae
777 3453 911 3513 numero
925 3432 1076 3511 deducto,
1088 3431 1179 3514 quod
1194 3451 1336 3514 aequum

39 3529 61 3584 4
94 3528 129 3584 14
164 3520 348 3603 theologum
383 3520 490 3603 magni
519 3519 639 3601 lacere3
674 3519 727 3584 hic
756 3534 870 3586 444444
898 3526 950 3585 441
979 3541 1124 3585 meorum
1152 3519 1334 3585 verborum.

39 3612 81 3675 tsi
103 3607 264 3679 4114111414
284 3609 334 3673 die
349 3607 531 3693 hujusmodi
545 3615 620 3673 4441
632 3609 866 3675 'exonerationem
889 3610 973 3674 Nam
988 3609 1117 3674 sidicat
1132 3615 1162 3675 6.
1178 3607 1334 3685 Januarii,

39 3700 88 3763 cit
111 3696 174 3762 hac
191 3718 234 3761 ex
255 3699 451 3763 anctoritate
473 3697 655 3788 Epiphanii,
686 3697 736 3761 sin
759 3694 928 3770 Octobrem
950 3692 1104 3777 nominat,
1126 3698 1273 3783 primum
1295 3695 1336 3760 de

39 3809 95 3854 mo
136 3786 238 3851 credit
274 3787 468 3871 Epiphanio,
507 3785 624 3853 deinde
662 3786 747 3851 diem
762 3826 764 3830 ι
782 3807 822 3851 ex
842 3792 1048 3870 ,argumento
1067 3785 1336 3869 ‘ephemeriarum

39 3877 193 3958 vestigat,
229 3876 316 3959 quod
346 3880 583 3957 ‘argumentum'
600 3876 731 3944 maximi
759 3874 849 3940 facia.
902 3874 987 3951 Nam
1015 3875 1043 3939 41
1073 3874 1221 3939 Christus
1251 3878 1337 3937 esset

39 3972 107 4029 ctus
131 3971 216 4029 anno
239 3970 291 4043 43,
315 3966 444 4031 omnino
467 3961 1247 4050 04141441ὴί441441444144411444144144414,
1271 3963 1352 4026 sire
1411 4040 1418 4054 ἱ

59 4053 259 4134 desolatione
288 4053 441 4136 postremi
470 4052 581 4136 tempti
607 4052 808 4137 ephemerias
830 4072 1000 4119 numerare
1022 4052 1228 4134 incipiamus:
1259 4070 1334 4117 cotr-

39 4144 115 4228 aptio
137 4163 170 4224 n.
194 4140 324 4206 caderet
344 4144 377 4207 in
398 4142 613 4208 Januarium..
645 4141 688 4213 Et
710 4143 839 4208 omnino
861 4143 895 4207 in
916 4143 955 4206 iis
969 4141 1072 4205 verbis
1087 4137 1147 4205 hoc
1163 4137 1335 4206 contendo:

39 4253 73 4297 m
86 4251 161 4301 esse
176 4228 321 4297 acerbius
335 4230 554 4309 tractandum,
567 4231 597 4295 si
610 4231 685 4314 ¹quis
697 4221 1027 4314 diastematica
1039 4230 1088 4292 vel
1103 4223 1195 4292 illu'm
1211 4234 1337 4311 patrem
1401 4260 1413 4309 1

39 4319 167 4398 fellisse,
200 4340 273 4384 cum
302 4319 388 4384 idem
415 4325 508 4384 etto
530 4318 628 4383 dicas.
675 4317 728 4383 Sic
751 4321 926 4402 castigetur
948 4323 1015 4407 ejus
1037 4317 1238 4383 immodestia
1261 4318 1335 4394 oris,

39 4408 221 4492 ;quaestio
241 4408 330 4491 haec,
354 4429 397 4474 aa
419 4408 556 4493 scriptor
579 4414 710 4474 mactus
732 4406 1006 4493 decipipotuerit,
1029 4405 1196 4477 4444114414
1210 4407 1337 4488 integra

39 4504 152 4563 44441.
238 4552 241 4573 ,
344 4510 374 4525 “
495 4516 521 4533 ’>
948 4512 951 4517 ·
1307 4544 1309 4546 ψ

97 4584 207 4669 Negas
232 4588 266 4650 te
286 4585 500 4656 ‘traditionem
522 4585 787 4666 trancredum
810 4603 907 4668 negas
930 4583 1337 4650 (114141444414444444

39 4681 61 4741 l.
110 4675 278 4741 concedas
298 4676 452 4758 igitur·et
474 4672 645 4755 Scahgero,
667 4675 762 4739 illum
782 4690 847 4740 444
863 4670 1237 4761 44441444144411144444,
1258 4672 1337 4737 dum

39 4771 106 4845 gat
129 4764 433 4829 1314141444441444
457 4767 508 4827 25.
533 4761 733 4844 Decembris3
765 4763 879 4828 saltem
897 4762 936 4825 Ι14
958 4761 1006 4825 his
1029 4761 1173 4825 terminis
1195 4780 1335 4826 maneas.

1066 4870 1125 4918 aa*
