3150 5482
488 215 667 271 Stemomstria
685 217 752 270 Dalii
770 218 904 268 Austrissl.

360 389 413 457 Dc
434 391 659 475 uirgo‘mbico
681 395 812 475 ejusdem
834 390 1032 458 certitudine.
1367 365 1386 400 ἃ
1425 381 1430 392 ’

104 504 106 508 ’
472 484 476 491 “
537 468 851 549 TheoremaXXVI.
978 529 981 535 .

33 561 77 629 Ia
99 563 205 644 doliis,
229 585 309 648 qaae
329 573 405 633 seat
424 569 509 643 iuter
529 592 563 637 se
583 576 707 655 liparae
729 571 856 646 struitis,
887 570 1052 650 proportio
1075 568 1289 650 capacitatem
1311 573 1358 632 eat

34 654 138 735 triplo
162 654 215 718 ,aa
241 659 476 737 proportionem
492 659 642 734 ‘illamam
668 659 909 742 lonpttadirmm,
946 679 1026 740 pauo
1055 663 1130 722 aaut
1163 657 1202 721 ob
1228 655 1357 738 >*orificio

245 765 365 810 somnio
389 747 432 811 od
453 749 550 812 imum
571 749 688 813 taloan
712 749 902 813 almrutriue
925 747 1011 812 ortis
1033 747 1141 829 lipari
1198 823 1199 826 Ἴ
1318 793 1321 798 -

126 844 198 914 Sint
229 848 317 915 dolia
340 849 492 918 ¹diuersae
526 853 647 936 magni-
946 849 1061 904 *fb-²&
1146 904 1148 907 .
1228 878 1261 913 ›.

36 936 284 1021 summopore
292 936 646 1021 aasmseuuxacz,
1239 951 1244 961 ·
1297 975 1300 983 ·

32 1047 177 1112 qnorum
207 1026 330 1093 orificio
360 1030 395 1107 0,
425 1032 470 1110 A,
501 1030 677 1097 diametri·

33 1113 162 1181 orbium
185 1116 361 1198 ligneorum
374 1118 448 1199 Qu,
465 1118 514 1184 ST
534 1127 567 1185 et
582 1122 647 1199 GC,-
677 1160 680 1169 s

34 1202 103 1281 XZ,
126 1223 301 1288 eorumque
322 1207 388 1272 ima
403 1207 439 1286 T,
462 1206 491 1270 Κ
511 1216 543 1279 et
557 1207 648 1289 Z,C;
810 1261 819 1285 ,,
848 1269 851 1275 .

34 1291 255 1375 longitudines
285 1292 360 1373 OK,
396 1295 450 1360 OT
483 1296 646 1380 aequales,
790 1303 823 1362 os
851 1340 862 1360 i

35 1381 85 1445 sio
108 1387 142 1445 et
164 1385 227 1461 Ab,
245 1381 305 1447 ΑΖ.
340 1383 428 1462 Dico,
453 1387 649 1477 capacitates
693 1373 862 1487 'm

34 1467 196 1534 doliorum
225 1492 296 1537 essa
325 1472 358 1536 in
386 1474 485 1555 tripla
514 1492 648 1558 prop0r³
725 1490 862 1596 mu

32 1558 125 1623 tione
134 1557 339 1642 longitudinis
349 1559 415 1641 Oli,
424 1563 493 1628 ΑΟ·
503 1565 665 1646 Agantur,
702 1594 725 1634 r

34 1647 121 1716 enim
151 1669 211 1732 per
240 1648 288 1728 0,
319 1649 348 1713 A
376 1651 475 1733 plana
498 1651 573 1731 OV,
595 1651 649 1716 AY

34 1734 198 1817 parallelo
220 1735 351 1802 orbibus
379 1739 503 1823 ligneis,
532 1746 564 1804 et
586 1741 650 1805 sint
688 1780 690 1794 ·
733 1762 737 1772 ·

36 1821 101 1888 duo
112 1825 220 1890 traam
233 1826 332 1891 conicl
343 1826 393 1893 SV
404 1839 438 1914 et
450 1827 516 1908 VQ,
535 1829 581 1893 sie
593 1825 649 1892 ΧΥ
689 1871 694 1881 ·

33 1919 67 1977 et
85 1910 142 1978 ΥΘ
156 1914 239 1978 inter
253 1914 430 1981 assimiles.
445 1915 540 1993 =Quae
551 1917 646 1999 igitur
1364 1924 1369 1966 l

32 2000 79 2065 dt¹
93 2001 301 2084 proportione
319 2003 522 2071 dimidiarum
542 2005 701 2091 doliorum
720 2007 802 2067 sunt
819 2022 916 2089 vera,
933 2001 990 2066 illa
1009 2000 1107 2069 etiam
1127 1998 1167 2063 ds
1187 1996 1359 2081 duplicatis

32 2096 129 2155 arunt
140 2110 225 2154 vera.
258 2089 328 2156 Sint
338 2094 435 2176 igitur
447 2094 630 2178 propositae
646 2092 767 2175 figurae
779 2087 900 2177 OVKQ,
920 2088 1028 2156 AYCG
1040 2089 1140 2154 eouici
1155 2089 1262 2158 truuei
1279 2086 1358 2151 sint·

34 2199 101 2264 que
116 2178 220 2244 latera
235 2174 410 2264 figurmrun
427 2174 490 2262 OQ,
509 2179 956 2263 vadimoniorum
973 2177 1098 2244 basium
1113 2177 1272 2242 minorum
1289 2174 1357 2256 Qu,

35 2268 104 2347 GC,
117 2267 267 2333 diametri
278 2267 401 2335 basium
414 2274 572 2356 maJorum
582 2269 650 2349 ΟΥ,
660 2269 737 2350 in
751 2277 784 2353 et
796 2265 918 2348 OQKV,
931 2265 1042 2347 AGCY
1056 2262 1213 2338 secdones
1228 2264 1356 2348 quadri·

32 2354 162 2426 laterae
172 2349 351 2439 figurarum
360 2380 417 2442 per
428 2354 503 2426 suos
514 2380 600 2438 axes,
613 2353 872 2437 similesinterse,
887 2375 1059 2438 earumque
1071 2355 1209 2438 diagouii
1218 2350 1283 2429 OK,
1292 2353 1357 2418 ΑΟ.

128 2445 214 2528 Ergo
237 2467 311 2511 cum
333 2447 456 2530 figurae
478 2449 594 2514 similes
616 2448 681 2513 sint
701 2447 745 2512 ad
766 2446 956 2525 seinvicem
977 2445 1010 2509 in
1033 2443 1131 2528 tripla
1154 2442 1360 2529 proportione

35 2531 260 2625 ssffllogorum,
273 2535 430 2607 uterum.-
448 2539 509 2603 erit
530 2537 746 2622 proportionis
760 2536 818 2602 AG
843 2535 955 2600 lateris
974 2532 1017 2598 ad
1032 2531 1093 2621 OQ
1111 2531 1206 2609 latus,
1231 2537 1289 2596 aut
1304 2529 1359 2596 GC

33 2618 189 2710 diametri
203 2623 246 2703 ad
262 2620 318 2700 QK
337 2625 542 2706 diametrum,
565 2624 664 2708 tripla
685 2623 853 2709 proportio
869 2622 924 2690 GY
941 2618 1084 2706 eorporis
1099 2621 1140 2685 ad
1154 2620 1206 2698 QV
1232 2620 1360 2702 eorpus‘.

33 2713 78 2792 At
102 2710 135 2774 in
158 2710 266 2793 tigmis
293 2712 397 2795 planis
425 2714 577 2780 trilateris
599 2712 686 2780 Aac
713 2720 746 2778 et
768 2712 855 2793 OQK
877 2707 1047 2802 similibus,
1076 2717 1113 2774 ut
1135 2709 1190 2774 th
1216 2709 1259 2773 ad
1281 2729 1358 2779 ant·
1520 2785 1523 2793 Χ

31 2797 144 2885 logum
168 2795 240 2879 QK,
268 2801 318 2864 rel
344 2810 381 2866 ut
402 2801 459 2869 Aa
488 2803 531 2868 ad
558 2802 727 2885 analogum
756 2800 826 2881 OQ,
853 2801 897 2865 sic
925 2800 1022 2865 etiam
1050 2797 1214 2881 diagonios
1229 2797 1292 2862 ‘AC
1315 2795 1358 2861 ad
1409 2807 1412 2811 ’

32 2886 193 2971 analogon
220 2888 390 2974 diagonion
413 2888 479 2956 ΟΚ.
526 2894 633 2972 Quare
655 2883 749 2956 etiam
772 2887 988 2973 proportionis
1011 2875 1064 2952 AC
1087 2885 1293 2968 longitudinis
1307 2884 1359 2958 ¹ad
1416 2964 1419 2981 ,
1456 2934 1458 2939 .

34 2973 94 3040 ΟΚ
108 2975 349 3059 *longitudinem
380 2978 480 3065 tripla
507 2988 554 3046 est
575 2979 825 3063 proportiob'Y
854 2977 997 3060 corporis
1019 2976 1061 3041 ad
1086 2973 1140 3055 QV
1169 2993 1301 3058 eorpus:
1326 2980 1359 3039 et

32 3060 80 3129 sie
109 3065 211 3142 etiam
228 3067 326 3135 totius
349 3065 401 3133 Gt
424 3067 501 3135 dolii
523 3069 566 3134 ad
589 3076 693 3133 totum
715 3055 769 3143 QT
791 3067 920 3144 dabam.
1070 3084 1072 3089 ·

126 3158 364 3215 Corollarium
385 3163 406 3216 l.
435 3170 471 3217 et
494 3169 676 3222 structura
704 3162 838 3231 virgas.
884 3158 1058 3215 Mariitestum
1079 3156 1141 3210 hine
1162 3163 1212 3218 est,
1233 3155 1256 3209 si
1276 3155 1359 3226 virga

32 3236 180 3298 mensoria,
205 3238 344 3294 dividatur
373 3242 400 3296 in
429 3250 523 3314 partes
553 3244 684 3315 aequales
714 3248 820 3305 tantm,
849 3239 881 3294 dt
908 3240 997 3310 prima
1018 3244 1052 3311 ,ti
1071 3237 1168 3308 vintima
1195 3230 1302 3290 illatum
1322 3237 1358 3289 sit

33 3318 181 3389 longitudo
210 3319 264 3383 pl(
293 3319 399 3383 dolioli,
426 3324 497 3394 quod
523 3321 599 3392 sapit
625 3323 783 3393 amphoram
811 3335 906 3382 unam
937 3319 971 3372 ad
1003 3317 1127 3387 singulas
1153 3333 1218 3369 uero
1238 3313 1358 3385 partium
1432 3371 1435 3383 ,

33 3397 194 3469 aequalium
215 3398 383 3468 adjiciantur
399 3401 512 3465 numeri,
533 3403 665 3472 quisunt
685 3403 806 3474 intarsse
827 3401 853 3454 in
879 3399 1021 3468 triplicata,
1039 3396 1213 3466 proportione
1233 3412 1356 3449 numero·

32 3494 96 3532 rum
117 3476 255 3535 divisionis
271 3480 437 3556 'aequabilia
457 3482 582 3536 nimirum
603 3484 639 3536 ad
658 3484 737 3536 finem
765 3481 869 3550 primae
884 3479 976 3548 'partis
996 3478 1096 3540 unitas,
1118 3478 1252 3557 ted-linem
1271 3475 1357 3545 parti·

32 3573 80 3611 um
103 3558 120 3611 2
142 3564 270 3613 numerus
299 3560 334 3624 8,.
358 3561 433 3617 adt
463 3572 589 3616 uumerus
621 3558 667 3624 27,
694 3562 729 3614 ad
750 3563 769 3615 4
790 3576 916 3613 uumerus
938 3556 985 3622 64,
1005 3559 1041 3611 ad
1063 3558 1079 3612 5
1101 3573 1228 3611 numerus
1252 3557 1306 3611 125
1329 3561 1359 3608 et

33 3637 74 3690 sic
103 3645 313 3710 consequentem
341 3647 371 3693 et
396 3641 508 3701 numeri¹
521 3640 627 3716 reliqui,
656 3640 705 3711 qui·
729 3642 831 3708 eadunt
851 3638 922 3692 inter
942 3638 991 3691 hos
1012 3637 1128 3698 cubicus,
1152 3637 1310 3691 ordinentur
1331 3634 1358 3688 in

32 3716 128 3785 spatia
157 3717 339 3782 intermedia,
361 3720 399 3774 sie
420 3729 451 3774 ut
477 3721 541 3790 pars
556 3723 689 3775 ,secunda
709 3719 898 3775 subdividatur
924 3718 951 3771 in
968 3717 1118 3786 particulas
1146 3718 1162 3772 7
1191 3716 1274 3777 alias,
1304 3731 1358 3768 nou

33 3798 180 3867 aequales,
198 3799 246 3852 sed
267 3799 493 3870 proportionales,
515 3799 613 3871 quibus
634 3798 734 3870 apponi
760 3799 865 3868 possint
883 3797 988 3850 numeri
1010 3798 1044 3859 2,·
1058 3796 1084 3856 3.
1104 3795 1132 3857 4,
1155 3797 1181 3857 5,
1203 3797 1230 3857 6,
1252 3797 1278 3857 7,
1302 3811 1357 3847 me·

32 3876 71 3932 dli
98 3877 170 3930 iuter
199 3879 266 3932 let
288 3868 317 3943 Β,
346 3886 376 3939 et
401 3878 439 3932 sie
460 3881 494 3933 de
515 3881 631 3935 ceterisz'
652 3882 733 3951 quod,
748 3863 835 3950 ‘virga
855 3878 882 3932 in
903 3877 1005 3938 dolium
1023 3876 1076 3929 rite
1097 3875 1222 3934 immissa,
1240 3874 1357 3935 named,

32 3958 68 4010 ad
90 3972 159 4030 quos
179 3972 266 4029 usque
285 3959 420 4029 pertingit
440 3959 553 4013 interior
573 3961 687 4015 tabulae
713 3958 868 4028 superficies
896 3958 927 4019 0.
947 3963 981 4020 A,
1002 3955 1132 4024 principio
1153 3954 1251 4025 virgae
1273 3955 1298 4007 in
1320 3955 1357 4015 K,

32 4037 54 4089 C
87 4038 132 4090 vel
161 4036 243 4100 T,.Z
273 4047 373 4102 stante,
404 4039 458 4093 siut
488 4038 589 4094 indices
619 4040 833 4108 amphorarum,¹
854 4054 922 4109 quas
943 4036 1018 4105 capit
1043 4035 1151 4096 dolium,
1175 4032 1357 4104 proportionis

31 4115 160 4170 nimirum
180 4116 249 4186 ejus,
271 4116 352 4188 quam
373 4119 459 4173 habet
479 4120 588 4182 dolium,
609 4121 696 4180 verbi⁴
708 4136 792 4173 eausa
812 4120 858 4172 GZ
884 4120 918 4171 ad
940 4116 1040 4170 dolium
1051 4115 1097 4177 Q'r
1111 4115 1259 4184 amphorae
1268 4113 1356 4170 unius:

124 4191 364 4252 corollarium
384 4201 418 4255 11.
458 4201 562 4255 Eodem
583 4200 680 4254 recidit
700 4216 753 4262 res,
774 4200 845 4271 quod
869 4195 1185 4269 quidun-intriangulo
1205 4193 1276 4250 AGC
1295 4208 1356 4262 ‚pro

31 4277 123 4331 latere
143 4275 190 4331 ΔΟ
211 4277 361 4333 metiuntur
381 4279 498 4333 laterum
518 4279 577 4342 AG,
599 4279 644 4333 GC
660 4296 800 4342 summam,
820 4295 869 4348 pro
890 4277 973 4347 virga
987 4275 1231 4345 circumgestantes
1246 4272 1358 4342 limbum

31 4374 69 4409 ex
98 4358 271 4426 pergamena
297 4359 485 4421 convolutam,
513 4359 704 4428 amphorarum
731 4375 858 4431 numerosa
888 4359 986 4411 eadem
1006 4357 1070 4425 lege
1092 4354 1259 4424 inscriptum,
1280 4350 1360 4420 eujus,

32 4436 136 4490 evoluti
162 4436 323 4508 principium
351 4441 422 4506 apud
451 4440 553 4493 calcem
579 4438 751 4509 Catllgunt,
772 4438 968 4509 longitudinem
992 4434 1050 4498 αθ
1072 4434 1099 4488 in
1120 4436 1143 4488 G
1165 4440 1194 4487 et
1215 4449 1297 4503 perro
1320 4431 1356 4484 ad

30 4523 56 4571 A
77 4518 247 4581 extendunt,
274 4519 309 4571 de
333 4522 405 4572 nota
426 4515 500 4587 ejus,
527 4535 598 4590 quae
625 4516 753 4588 tetigerit
777 4527 906 4588 punctum
931 4521 964 4578 Δ,
985 4513 1196 4584 pronunciantes
1217 4527 1361 4594 numerum¹

31 4594 234 4666 amphorarum.
281 4597 356 4664 Nam,
377 4597 509 4668 marginis
537 4599 609 4669 apud
636 4599 660 4651 G
685 4594 1125 4667 procurrentemdongitudinem,
1146 4600 1175 4646 et
1195 4593 1356 4665 circulorum

30 4675 201 4746 ligneorum,
227 4676 372 4733 viminibus
391 4677 590 4741 revincturum,
618 4679 831 4754 tabularumque
858 4684 886 4731 et
911 4675 986 4731 orbis
1013 4673 1099 4744 lignei
1126 4673 1171 4727 GC
1194 4672 1355 4739 crassitiem,

30 4772 113 4827 quam
135 4757 337 4828 amplectuntur
357 4754 541 4815 eueumductu
561 4758 645 4824 limbi,
666 4752 891 4830 praesupponunt
909 4766 959 4827 per
979 4755 1070 4827 omnio
1090 4753 1164 4809 dolit
1184 4753 1307 4810 similam
1391 4832 1392 4835 Ἴ
