<?xml version="1.0" encoding="UTF-8"?>
<!DOCTYPE html PUBLIC "-//W3C//DTD XHTML 1.0 Transitional//EN"
    "http://www.w3.org/TR/xhtml1/DTD/xhtml1-transitional.dtd">
<html xmlns="http://www.w3.org/1999/xhtml" xml:lang="en" lang="en">
 <head>
  <title>
</title>
<meta http-equiv="Content-Type" content="text/html;charset=utf-8" />
  <meta name='ocr-system' content='tesseract 3.04.00' />
  <meta name='ocr-capabilities' content='ocr_page ocr_carea ocr_par ocr_line ocrx_word'/>
</head>
<body>
  <div class='ocr_page' id='page_1' title='image "./joanniskepleria13frisgoog_0315.png"; bbox 0 0 3112 5474; ppageno 0'>
   <div class='ocr_carea' id='block_1_1' title="bbox 168 186 1124 327">
    <p class='ocr_par' dir='ltr' id='par_1_1' title="bbox 168 186 1124 327">
     <span class='ocr_line' id='line_1_1' title="bbox 168 186 1124 327; baseline -0.002 -21"><span class='ocrx_word' id='word_1_1' title='bbox 168 312 175 324; x_wconf 29' lang='lat'><em>⁶</em></span> <span class='ocrx_word' id='word_1_2' title='bbox 286 237 354 306; x_wconf 75' lang='lat'><strong>³02</strong></span> <span class='ocrx_word' id='word_1_3' title='bbox 427 322 429 327; x_wconf 16' lang='lat'><strong><em>¹</em></strong></span> <span class='ocrx_word' id='word_1_4' title='bbox 706 186 753 305; x_wconf 15' lang='lat' dir='ltr'><strong>‚ss</strong></span> <span class='ocrx_word' id='word_1_5' title='bbox 787 251 1124 327; x_wconf 67' lang='lat' dir='ltr'><strong>neemnmuceuq</strong></span> 
     </span>
    </p>
   </div>
   <div class='ocr_carea' id='block_1_2' title="bbox 198 393 1505 4844">
    <p class='ocr_par' dir='ltr' id='par_1_2' title="bbox 198 393 1505 4573">
     <span class='ocr_line' id='line_1_2' title="bbox 288 393 1505 480; baseline -0.007 -15"><span class='ocrx_word' id='word_1_6' title='bbox 288 401 376 465; x_wconf 87' lang='lat' dir='ltr'><strong>nibus</strong></span> <span class='ocrx_word' id='word_1_7' title='bbox 404 399 580 466; x_wconf 75' lang='lat' dir='ltr'><strong>marmoreis</strong></span> <span class='ocrx_word' id='word_1_8' title='bbox 601 397 690 480; x_wconf 88' lang='lat' dir='ltr'><strong>inque</strong></span> <span class='ocrx_word' id='word_1_9' title='bbox 711 396 864 461; x_wconf 77' lang='lat' dir='ltr'><strong>mendatis</strong></span> <span class='ocrx_word' id='word_1_10' title='bbox 891 395 1020 480; x_wconf 83' lang='lat' dir='ltr'><strong>publicis</strong></span> <span class='ocrx_word' id='word_1_11' title='bbox 1043 393 1220 460; x_wconf 65' lang='lat' dir='ltr'><strong>tribunitiae</strong></span> <span class='ocrx_word' id='word_1_12' title='bbox 1246 393 1418 476; x_wconf 72' lang='lat' dir='ltr'><strong>potestatis</strong></span> <span class='ocrx_word' id='word_1_13' title='bbox 1446 412 1505 457; x_wconf 89' lang='lat' dir='ltr'><strong>meu</strong></span> 
     </span>
     <span class='ocr_line' id='line_1_3' title="bbox 289 483 1502 571; baseline -0.007 -18"><span class='ocrx_word' id='word_1_14' title='bbox 289 490 426 553; x_wconf 84' lang='lat' dir='ltr'><strong>iacerent</strong></span> <span class='ocrx_word' id='word_1_15' title='bbox 448 498 481 554; x_wconf 90' lang='lat' dir='ltr'><strong>et</strong></span> <span class='ocrx_word' id='word_1_16' title='bbox 495 489 614 571; x_wconf 91' lang='lat' dir='ltr'><strong>quoties</strong></span> <span class='ocrx_word' id='word_1_17' title='bbox 636 487 701 568; x_wconf 89' lang='lat' dir='ltr'><strong>quis</strong></span> <span class='ocrx_word' id='word_1_18' title='bbox 715 487 880 567; x_wconf 85' lang='lat' dir='ltr'><strong>imperetur</strong></span> <span class='ocrx_word' id='word_1_19' title='bbox 896 494 980 568; x_wconf 79' lang='lat' dir='ltr'><strong>esset</strong></span> <span class='ocrx_word' id='word_1_20' title='bbox 994 484 1167 566; x_wconf 84' lang='lat' dir='ltr'><strong>appellatus</strong></span> <span class='ocrx_word' id='word_1_21' title='bbox 1189 492 1222 547; x_wconf 91' lang='lat' dir='ltr'><strong>et</strong></span> <span class='ocrx_word' id='word_1_22' title='bbox 1236 484 1298 546; x_wconf 89' lang='lat' dir='ltr'><strong>elia</strong></span> <span class='ocrx_word' id='word_1_23' title='bbox 1313 484 1438 547; x_wconf 86' lang='lat' dir='ltr'><strong>honoris</strong></span> <span class='ocrx_word' id='word_1_24' title='bbox 1459 483 1502 545; x_wconf 88' lang='lat' dir='ltr'><strong>sui</strong></span> 
     </span>
     <span class='ocr_line' id='line_1_4' title="bbox 289 571 1505 656; baseline -0.007 -14"><span class='ocrx_word' id='word_1_25' title='bbox 289 579 409 644; x_wconf 89' lang='lat' dir='ltr'><strong>interim</strong></span> <span class='ocrx_word' id='word_1_26' title='bbox 431 586 534 642; x_wconf 89' lang='lat' dir='ltr'><strong>temen</strong></span> <span class='ocrx_word' id='word_1_27' title='bbox 548 597 607 641; x_wconf 92' lang='lat' dir='ltr'><strong>uon</strong></span> <span class='ocrx_word' id='word_1_28' title='bbox 630 576 806 638; x_wconf 88' lang='lat' dir='ltr'><strong>omittentes</strong></span> <span class='ocrx_word' id='word_1_29' title='bbox 827 575 1084 656; x_wconf 80' lang='lat' dir='ltr'><strong>subsignationem</strong></span> <span class='ocrx_word' id='word_1_30' title='bbox 1105 571 1263 655; x_wconf 72' lang='lat' dir='ltr'><strong>percuss</strong></span> <span class='ocrx_word' id='word_1_31' title='bbox 1299 574 1409 654; x_wconf 82' lang='lat' dir='ltr'><strong>Iteque</strong></span> <span class='ocrx_word' id='word_1_32' title='bbox 1424 591 1505 634; x_wconf 81' lang='lat' dir='ltr'><strong>meur</strong></span> 
     </span>
     <span class='ocr_line' id='line_1_5' title="bbox 288 659 1505 745; baseline -0.008 -13"><span class='ocrx_word' id='word_1_33' title='bbox 288 667 444 733; x_wconf 81' lang='lat' dir='ltr'><strong>Romanos</strong></span> <span class='ocrx_word' id='word_1_34' title='bbox 467 667 537 730; x_wconf 89' lang='lat' dir='ltr'><strong>enni</strong></span> <span class='ocrx_word' id='word_1_35' title='bbox 561 665 674 729; x_wconf 80' lang='lat' dir='ltr'><strong>usualis</strong></span> <span class='ocrx_word' id='word_1_36' title='bbox 697 663 874 745; x_wconf 89' lang='lat' dir='ltr'><strong>principium</strong></span> <span class='ocrx_word' id='word_1_37' title='bbox 897 665 929 727; x_wconf 90' lang='lat' dir='ltr'><strong>in</strong></span> <span class='ocrx_word' id='word_1_38' title='bbox 952 663 1079 728; x_wconf 85' lang='lat' dir='ltr'><strong>Geleud.</strong></span> <span class='ocrx_word' id='word_1_39' title='bbox 1100 662 1238 726; x_wconf 75' lang='lat' dir='ltr'><strong>‚Ianuarii</strong></span> <span class='ocrx_word' id='word_1_40' title='bbox 1260 661 1300 724; x_wconf 86' lang='lat' dir='ltr'><strong>ed</strong></span> <span class='ocrx_word' id='word_1_41' title='bbox 1324 659 1408 724; x_wconf 87' lang='lat' dir='ltr'><strong>bunc</strong></span> <span class='ocrx_word' id='word_1_42' title='bbox 1430 679 1505 741; x_wconf 85' lang='lat' dir='ltr'><strong>usqu</strong></span> 
     </span>
     <span class='ocr_line' id='line_1_6' title="bbox 289 751 1505 835; baseline -0.008 -14"><span class='ocrx_word' id='word_1_43' title='bbox 289 757 558 821; x_wconf 84' lang='lat' dir='ltr'><strong>Evidentissirunm</strong></span> <span class='ocrx_word' id='word_1_44' title='bbox 573 753 739 834; x_wconf 82' lang='lat' dir='ltr'><strong>exemplum</strong></span> <span class='ocrx_word' id='word_1_45' title='bbox 755 753 849 815; x_wconf 89' lang='lat' dir='ltr'><strong>estin</strong></span> <span class='ocrx_word' id='word_1_46' title='bbox 865 751 1047 827; x_wconf 73' lang='lat' dir='ltr'><strong>Censorino,</strong></span> <span class='ocrx_word' id='word_1_47' title='bbox 1069 753 1119 835; x_wconf 93' lang='lat' dir='ltr'><strong>qni</strong></span> <span class='ocrx_word' id='word_1_48' title='bbox 1135 770 1231 814; x_wconf 91' lang='lat' dir='ltr'><strong>annos</strong></span> <span class='ocrx_word' id='word_1_49' title='bbox 1244 753 1451 831; x_wconf 73' lang='lat' dir='ltr'><strong>Augustanos</strong></span> <span class='ocrx_word' id='word_1_50' title='bbox 1465 769 1505 812; x_wconf 80' lang='lat' dir='ltr'><strong>em</strong></span> 
     </span>
     <span class='ocr_line' id='line_1_7' title="bbox 287 835 1505 929; baseline -0.007 -20"><span class='ocrx_word' id='word_1_51' title='bbox 287 845 424 909; x_wconf 87' lang='lat' dir='ltr'><strong>Romano</strong></span> <span class='ocrx_word' id='word_1_52' title='bbox 439 845 547 929; x_wconf 75' lang='lat' dir='ltr'><strong>incipit</strong></span> <span class='ocrx_word' id='word_1_53' title='bbox 561 865 580 907; x_wconf 90' lang='lat' dir='ltr'><strong>e</strong></span> <span class='ocrx_word' id='word_1_54' title='bbox 596 840 823 906; x_wconf 75' lang='lat' dir='ltr'><strong>catJaluariis</strong></span> <span class='ocrx_word' id='word_1_55' title='bbox 837 841 918 905; x_wconf 90' lang='lat' dir='ltr'><strong>illius</strong></span> <span class='ocrx_word' id='word_1_56' title='bbox 933 842 1013 917; x_wconf 83' lang='lat' dir='ltr'><strong>anni,</strong></span> <span class='ocrx_word' id='word_1_57' title='bbox 1029 861 1086 923; x_wconf 94' lang='lat' dir='ltr'><strong>quo</strong></span> <span class='ocrx_word' id='word_1_58' title='bbox 1102 860 1180 904; x_wconf 88' lang='lat' dir='ltr'><strong>euno</strong></span> <span class='ocrx_word' id='word_1_59' title='bbox 1197 838 1323 904; x_wconf 83' lang='lat' dir='ltr'><strong>Ceeseri</strong></span> <span class='ocrx_word' id='word_1_60' title='bbox 1346 835 1426 921; x_wconf 91' lang='lat' dir='ltr'><strong>(non</strong></span> <span class='ocrx_word' id='word_1_61' title='bbox 1441 846 1505 901; x_wconf 84' lang='lat' dir='ltr'><strong>tem</strong></span> 
     </span>
     <span class='ocr_line' id='line_1_8' title="bbox 198 927 1307 1012; baseline -0.007 -13"><span class='ocrx_word' id='word_1_62' title='bbox 198 928 204 940; x_wconf 91' lang='grc'><strong><em>’</em></strong></span> <span class='ocrx_word' id='word_1_63' title='bbox 284 934 426 999; x_wconf 82' lang='lat' dir='ltr'><strong>Januerii</strong></span> <span class='ocrx_word' id='word_1_64' title='bbox 442 933 585 998; x_wconf 79' lang='lat' dir='ltr'><strong>Calendis</strong></span> <span class='ocrx_word' id='word_1_65' title='bbox 601 932 655 995; x_wconf 88' lang='lat' dir='ltr'><strong>sed</strong></span> <span class='ocrx_word' id='word_1_66' title='bbox 669 927 836 1012; x_wconf 75' lang='lat' dir='ltr'><strong>posterius)</strong></span> <span class='ocrx_word' id='word_1_67' title='bbox 852 950 961 994; x_wconf 90' lang='lat' dir='ltr'><strong>nomen</strong></span> <span class='ocrx_word' id='word_1_68' title='bbox 975 931 1108 1012; x_wconf 80' lang='lat' dir='ltr'><strong>Augusti</strong></span> <span class='ocrx_word' id='word_1_69' title='bbox 1124 930 1228 993; x_wconf 80' lang='lat' dir='ltr'><strong>datum</strong></span> <span class='ocrx_word' id='word_1_70' title='bbox 1242 929 1307 991; x_wconf 78' lang='lat' dir='ltr'><strong>linit</strong></span> 
     </span>
     <span class='ocr_line' id='line_1_9' title="bbox 217 1015 1505 1105; baseline -0.008 -17"><span class='ocrx_word' id='word_1_71' title='bbox 217 1093 220 1105; x_wconf 36' lang='lat'><em>¹</em></span> <span class='ocrx_word' id='word_1_72' title='bbox 280 1080 283 1087; x_wconf 95' lang='lat'><em>.</em></span> <span class='ocrx_word' id='word_1_73' title='bbox 375 1023 444 1087; x_wconf 85' lang='lat' dir='ltr'><strong>Etsi</strong></span> <span class='ocrx_word' id='word_1_74' title='bbox 459 1042 531 1085; x_wconf 88' lang='lat' dir='ltr'><strong>vero</strong></span> <span class='ocrx_word' id='word_1_75' title='bbox 547 1021 748 1084; x_wconf 78' lang='lat' dir='ltr'><strong>convincimur</strong></span> <span class='ocrx_word' id='word_1_76' title='bbox 762 1020 923 1100; x_wconf 85' lang='lat' dir='ltr'><strong>exemplis,</strong></span> <span class='ocrx_word' id='word_1_77' title='bbox 945 1020 1059 1088; x_wconf 84' lang='lat' dir='ltr'><strong>iactum</strong></span> <span class='ocrx_word' id='word_1_78' title='bbox 1077 1018 1273 1103; x_wconf 84' lang='lat' dir='ltr'><strong>quandoque,’</strong></span> <span class='ocrx_word' id='word_1_79' title='bbox 1288 1026 1324 1082; x_wconf 91' lang='lat' dir='ltr'><strong>nt</strong></span> <span class='ocrx_word' id='word_1_80' title='bbox 1346 1015 1421 1079; x_wconf 89' lang='lat' dir='ltr'><strong>euni</strong></span> <span class='ocrx_word' id='word_1_81' title='bbox 1446 1022 1505 1079; x_wconf 84' lang='lat' dir='ltr'><strong>not</strong></span> 
     </span>
     <span class='ocr_line' id='line_1_10' title="bbox 282 1106 1505 1195; baseline -0.007 -20"><span class='ocrx_word' id='word_1_82' title='bbox 282 1131 364 1195; x_wconf 86' lang='lat' dir='ltr'><strong>quos</strong></span> <span class='ocrx_word' id='word_1_83' title='bbox 379 1111 528 1175; x_wconf 85' lang='lat' dir='ltr'><strong>heberent</strong></span> <span class='ocrx_word' id='word_1_84' title='bbox 547 1110 689 1191; x_wconf 77' lang='lat' dir='ltr'><strong>imperis,</strong></span> <span class='ocrx_word' id='word_1_85' title='bbox 711 1109 889 1191; x_wconf 88' lang='lat' dir='ltr'><strong>principium</strong></span> <span class='ocrx_word' id='word_1_86' title='bbox 904 1109 1049 1172; x_wconf 86' lang='lat' dir='ltr'><strong>ducentes</strong></span> <span class='ocrx_word' id='word_1_87' title='bbox 1064 1130 1084 1171; x_wconf 85' lang='lat' dir='ltr'><strong>e</strong></span> <span class='ocrx_word' id='word_1_88' title='bbox 1102 1109 1153 1171; x_wconf 84' lang='lat' dir='ltr'><strong>&#39;die</strong></span> <span class='ocrx_word' id='word_1_89' title='bbox 1168 1106 1386 1172; x_wconf 87' lang='lat' dir='ltr'><strong>successionis:</strong></span> <span class='ocrx_word' id='word_1_90' title='bbox 1418 1113 1505 1169; x_wconf 78' lang='lat' dir='ltr'><strong>etse</strong></span> 
     </span>
     <span class='ocr_line' id='line_1_11' title="bbox 290 1195 1505 1281; baseline -0.007 -16"><span class='ocrx_word' id='word_1_91' title='bbox 290 1200 429 1265; x_wconf 82' lang='lat' dir='ltr'><strong>historici</strong></span> <span class='ocrx_word' id='word_1_92' title='bbox 445 1207 541 1275; x_wconf 76' lang='lat' dir='ltr'><strong>erent</strong></span> <span class='ocrx_word' id='word_1_93' title='bbox 557 1199 606 1280; x_wconf 91' lang='lat' dir='ltr'><strong>qui</strong></span> <span class='ocrx_word' id='word_1_94' title='bbox 621 1199 742 1280; x_wconf 78' lang='lat' dir='ltr'><strong>private</strong></span> <span class='ocrx_word' id='word_1_95' title='bbox 756 1199 922 1281; x_wconf 88' lang='lat' dir='ltr'><strong>principum</strong></span> <span class='ocrx_word' id='word_1_96' title='bbox 937 1197 1061 1280; x_wconf 90' lang='lat' dir='ltr'><strong>negotia</strong></span> <span class='ocrx_word' id='word_1_97' title='bbox 1074 1216 1159 1260; x_wconf 90' lang='lat' dir='ltr'><strong>more</strong></span> <span class='ocrx_word' id='word_1_98' title='bbox 1174 1217 1234 1259; x_wconf 90' lang='lat' dir='ltr'><strong>non</strong></span> <span class='ocrx_word' id='word_1_99' title='bbox 1249 1203 1397 1259; x_wconf 89' lang='lat' dir='ltr'><strong>consueto</strong></span> <span class='ocrx_word' id='word_1_100' title='bbox 1413 1195 1460 1257; x_wconf 91' lang='lat' dir='ltr'><strong>sic</strong></span> <span class='ocrx_word' id='word_1_101' title='bbox 1470 1213 1505 1257; x_wconf 88' lang='lat' dir='ltr'><strong>eo</strong></span> 
     </span>
     <span class='ocr_line' id='line_1_12' title="bbox 289 1284 1505 1368; baseline -0.007 -15"><span class='ocrx_word' id='word_1_102' title='bbox 289 1298 375 1365; x_wconf 88' lang='lat' dir='ltr'><strong>rnnt;</strong></span> <span class='ocrx_word' id='word_1_103' title='bbox 405 1292 462 1353; x_wconf 84' lang='lat' dir='ltr'><strong>lroa</strong></span> <span class='ocrx_word' id='word_1_104' title='bbox 477 1289 589 1352; x_wconf 85' lang='lat' dir='ltr'><strong>inuitati</strong></span> <span class='ocrx_word' id='word_1_105' title='bbox 610 1295 681 1351; x_wconf 88' lang='lat' dir='ltr'><strong>sunt</strong></span> <span class='ocrx_word' id='word_1_106' title='bbox 695 1289 806 1351; x_wconf 90' lang='lat' dir='ltr'><strong>uoterii</strong></span> <span class='ocrx_word' id='word_1_107' title='bbox 821 1287 870 1351; x_wconf 87' lang='lat' dir='ltr'><strong>uel</strong></span> <span class='ocrx_word' id='word_1_108' title='bbox 893 1295 1048 1352; x_wconf 79' lang='lat' dir='ltr'><strong>curatores</strong></span> <span class='ocrx_word' id='word_1_109' title='bbox 1063 1287 1248 1368; x_wconf 89' lang='lat' dir='ltr'><strong>publicorum</strong></span> <span class='ocrx_word' id='word_1_110' title='bbox 1262 1284 1475 1366; x_wconf 70' lang='lat' dir='ltr'><strong>negotiorum</strong></span> <span class='ocrx_word' id='word_1_111' title='bbox 1496 1302 1505 1344; x_wconf 85' lang='grc' dir='ltr'>ι</span> 
     </span>
     <span class='ocr_line' id='line_1_13' title="bbox 283 1374 1505 1459; baseline -0.006 -18"><span class='ocrx_word' id='word_1_112' title='bbox 283 1380 359 1459; x_wconf 34' lang='lat' dir='ltr'><strong>*lege</strong></span> <span class='ocrx_word' id='word_1_113' title='bbox 375 1378 440 1441; x_wconf 91' lang='lat' dir='ltr'><strong>lete</strong></span> <span class='ocrx_word' id='word_1_114' title='bbox 450 1377 608 1457; x_wconf 87' lang='lat' dir='ltr'><strong>jubentur,</strong></span> <span class='ocrx_word' id='word_1_115' title='bbox 630 1376 784 1439; x_wconf 91' lang='lat' dir='ltr'><strong>consulum</strong></span> <span class='ocrx_word' id='word_1_116' title='bbox 798 1377 982 1458; x_wconf 88' lang='lat' dir='ltr'><strong>megistretu</strong></span> <span class='ocrx_word' id='word_1_117' title='bbox 1001 1377 1200 1443; x_wconf 89' lang='lat' dir='ltr'><strong>intermortuo</strong></span> <span class='ocrx_word' id='word_1_118' title='bbox 1222 1383 1294 1439; x_wconf 88' lang='lat' dir='ltr'><strong>ante</strong></span> <span class='ocrx_word' id='word_1_119' title='bbox 1308 1374 1392 1436; x_wconf 91' lang='lat' dir='ltr'><strong>mille</strong></span> <span class='ocrx_word' id='word_1_120' title='bbox 1415 1391 1505 1435; x_wconf 71' lang='lat' dir='ltr'><strong>enno:</strong></span> 
     </span>
     <span class='ocr_line' id='line_1_14' title="bbox 290 1460 1505 1549; baseline -0.005 -19"><span class='ocrx_word' id='word_1_121' title='bbox 290 1468 393 1549; x_wconf 91' lang='lat' dir='ltr'><strong>potius</strong></span> <span class='ocrx_word' id='word_1_122' title='bbox 407 1475 457 1530; x_wconf 89' lang='lat' dir='ltr'><strong>tot</strong></span> <span class='ocrx_word' id='word_1_123' title='bbox 471 1485 566 1529; x_wconf 90' lang='lat' dir='ltr'><strong>anuos</strong></span> <span class='ocrx_word' id='word_1_124' title='bbox 581 1466 718 1546; x_wconf 88' lang='lat' dir='ltr'><strong>populari</strong></span> <span class='ocrx_word' id='word_1_125' title='bbox 734 1473 872 1548; x_wconf 89' lang='lat' dir='ltr'><strong>computo</strong></span> <span class='ocrx_word' id='word_1_126' title='bbox 888 1465 1103 1541; x_wconf 86' lang='lat' dir='ltr'><strong>uumerebeut‚</strong></span> <span class='ocrx_word' id='word_1_127' title='bbox 1124 1472 1197 1547; x_wconf 90' lang='lat' dir='ltr'><strong>quot</strong></span> <span class='ocrx_word' id='word_1_128' title='bbox 1211 1464 1298 1546; x_wconf 81' lang='lat' dir='ltr'><strong>peris</strong></span> <span class='ocrx_word' id='word_1_129' title='bbox 1312 1462 1475 1526; x_wconf 88' lang='lat' dir='ltr'><strong>consulum</strong></span> <span class='ocrx_word' id='word_1_130' title='bbox 1491 1460 1505 1525; x_wconf 77' lang='lat' dir='ltr'><strong>t</strong></span> 
     </span>
     <span class='ocr_line' id='line_1_15' title="bbox 287 1551 1505 1637; baseline -0.006 -17"><span class='ocrx_word' id='word_1_131' title='bbox 287 1556 441 1621; x_wconf 84' lang='lat' dir='ltr'><strong>Jenueriis</strong></span> <span class='ocrx_word' id='word_1_132' title='bbox 455 1555 620 1617; x_wconf 89' lang='lat' dir='ltr'><strong>ineuntium</strong></span> <span class='ocrx_word' id='word_1_133' title='bbox 635 1562 776 1635; x_wconf 87' lang='lat' dir='ltr'><strong>totosque</strong></span> <span class='ocrx_word' id='word_1_134' title='bbox 798 1574 895 1620; x_wconf 87' lang='lat' dir='ltr'><strong>ennos</strong></span> <span class='ocrx_word' id='word_1_135' title='bbox 909 1554 1164 1618; x_wconf 88' lang='lat' dir='ltr'><strong>denominantium</strong></span> <span class='ocrx_word' id='word_1_136' title='bbox 1179 1553 1330 1637; x_wconf 77' lang='lat' dir='ltr'><strong>quaelibet</strong></span> <span class='ocrx_word' id='word_1_137' title='bbox 1345 1571 1398 1615; x_wconf 88' lang='lat' dir='ltr'><strong>res</strong></span> <span class='ocrx_word' id='word_1_138' title='bbox 1413 1551 1505 1631; x_wconf 85' lang='lat' dir='ltr'><strong>attigi</strong></span> 
     </span>
     <span class='ocr_line' id='line_1_16' title="bbox 289 1640 1505 1726; baseline -0.005 -18"><span class='ocrx_word' id='word_1_139' title='bbox 289 1646 417 1726; x_wconf 91' lang='lat' dir='ltr'><strong>emplum</strong></span> <span class='ocrx_word' id='word_1_140' title='bbox 431 1643 585 1725; x_wconf 86' lang='lat' dir='ltr'><strong>populeris</strong></span> <span class='ocrx_word' id='word_1_141' title='bbox 599 1643 687 1723; x_wconf 87' lang='lat' dir='ltr'><strong>hujus</strong></span> <span class='ocrx_word' id='word_1_142' title='bbox 702 1644 918 1720; x_wconf 74' lang='lat' dir='ltr'><strong>numerationis</strong></span> <span class='ocrx_word' id='word_1_143' title='bbox 933 1644 1012 1725; x_wconf 84' lang='lat' dir='ltr'><strong>epod</strong></span> <span class='ocrx_word' id='word_1_144' title='bbox 1022 1644 1177 1708; x_wconf 82' lang='lat' dir='ltr'><strong>Romanos</strong></span> <span class='ocrx_word' id='word_1_145' title='bbox 1191 1661 1266 1723; x_wconf 89' lang='lat' dir='ltr'><strong>cepe</strong></span> <span class='ocrx_word' id='word_1_146' title='bbox 1281 1660 1320 1704; x_wconf 86' lang='lat' dir='ltr'><strong>ex</strong></span> <span class='ocrx_word' id='word_1_147' title='bbox 1335 1640 1464 1714; x_wconf 82' lang='lat' dir='ltr'><strong>Tacito3</strong></span> <span class='ocrx_word' id='word_1_148' title='bbox 1486 1640 1505 1702; x_wconf 86' lang='lat' dir='ltr'><strong>ir</strong></span> 
     </span>
     <span class='ocr_line' id='line_1_17' title="bbox 288 1726 1505 1816; baseline -0.007 -17"><span class='ocrx_word' id='word_1_149' title='bbox 288 1751 415 1816; x_wconf 86' lang='lat' dir='ltr'><strong>nemque</strong></span> <span class='ocrx_word' id='word_1_150' title='bbox 429 1751 511 1806; x_wconf 81' lang='lat' dir='ltr'><strong>vene</strong></span> <span class='ocrx_word' id='word_1_151' title='bbox 526 1739 559 1795; x_wconf 90' lang='lat' dir='ltr'><strong>et</strong></span> <span class='ocrx_word' id='word_1_152' title='bbox 572 1731 683 1807; x_wconf 85' lang='lat' dir='ltr'><strong>ineuie,</strong></span> <span class='ocrx_word' id='word_1_153' title='bbox 698 1750 774 1813; x_wconf 88' lang='lat' dir='ltr'><strong>quae</strong></span> <span class='ocrx_word' id='word_1_154' title='bbox 788 1734 897 1814; x_wconf 80' lang='lat' dir='ltr'><strong>vulgus</strong></span> <span class='ocrx_word' id='word_1_155' title='bbox 914 1733 959 1797; x_wconf 91' lang='lat' dir='ltr'><strong>eit</strong></span> <span class='ocrx_word' id='word_1_156' title='bbox 972 1733 1004 1796; x_wconf 91' lang='lat' dir='ltr'><strong>iu</strong></span> <span class='ocrx_word' id='word_1_157' title='bbox 1019 1733 1122 1799; x_wconf 84' lang='lat' dir='ltr'><strong>funere</strong></span> <span class='ocrx_word' id='word_1_158' title='bbox 1136 1726 1269 1813; x_wconf 83' lang='lat' dir='ltr'><strong>Augusti</strong></span> <span class='ocrx_word' id='word_1_159' title='bbox 1277 1731 1431 1811; x_wconf 81' lang='lat' dir='ltr'><strong>jectesae,</strong></span> <span class='ocrx_word' id='word_1_160' title='bbox 1446 1729 1505 1795; x_wconf 79' lang='lat' dir='ltr'><strong>tuit</strong></span> 
     </span>
     <span class='ocr_line' id='line_1_18' title="bbox 289 1816 1499 1903; baseline -0.006 -17"><span class='ocrx_word' id='word_1_161' title='bbox 289 1823 497 1886; x_wconf 76' lang='lat' dir='ltr'><strong>continuatam</strong></span> <span class='ocrx_word' id='word_1_162' title='bbox 517 1839 571 1902; x_wconf 91' lang='lat' dir='ltr'><strong>per</strong></span> <span class='ocrx_word' id='word_1_163' title='bbox 586 1816 629 1884; x_wconf 68' lang='grc'><strong>37</strong></span> <span class='ocrx_word' id='word_1_164' title='bbox 645 1839 741 1884; x_wconf 86' lang='lat' dir='ltr'><strong>anuos</strong></span> <span class='ocrx_word' id='word_1_165' title='bbox 756 1822 944 1886; x_wconf 70' lang='lat' dir='ltr'><strong>tribunitiam</strong></span> <span class='ocrx_word' id='word_1_166' title='bbox 958 1829 1159 1903; x_wconf 82' lang='lat' dir='ltr'><strong>potestetem</strong></span> <span class='ocrx_word' id='word_1_167' title='bbox 1189 1821 1285 1902; x_wconf 84' lang='lat' dir='ltr'><strong>Atqui</strong></span> <span class='ocrx_word' id='word_1_168' title='bbox 1300 1819 1430 1881; x_wconf 87' lang='lat' dir='ltr'><strong>deerete</strong></span> <span class='ocrx_word' id='word_1_169' title='bbox 1450 1825 1499 1880; x_wconf 87' lang='lat' dir='ltr'><strong>est</strong></span> 
     </span>
     <span class='ocr_line' id='line_1_19' title="bbox 288 1905 1505 1994; baseline -0.007 -16"><span class='ocrx_word' id='word_1_170' title='bbox 288 1911 406 1979; x_wconf 87' lang='lat' dir='ltr'><strong>bunitie</strong></span> <span class='ocrx_word' id='word_1_171' title='bbox 419 1917 575 1992; x_wconf 78' lang='lat' dir='ltr'><strong>potestas,</strong></span> <span class='ocrx_word' id='word_1_172' title='bbox 595 1917 757 1993; x_wconf 88' lang='lat' dir='ltr'><strong>postquem</strong></span> <span class='ocrx_word' id='word_1_173' title='bbox 772 1913 931 1994; x_wconf 82' lang='lat' dir='ltr'><strong>consuletp</strong></span> <span class='ocrx_word' id='word_1_174' title='bbox 945 1911 1000 1975; x_wconf 80' lang='lat' dir='ltr'><strong>Vl</strong></span> <span class='ocrx_word' id='word_1_175' title='bbox 1013 1930 1049 1989; x_wconf 59' lang='lat' dir='ltr'><strong>⁴so</strong></span> <span class='ocrx_word' id='word_1_176' title='bbox 1065 1912 1220 1986; x_wconf 86' lang='lat' dir='ltr'><strong>ebdicavit</strong></span> <span class='ocrx_word' id='word_1_177' title='bbox 1238 1909 1377 1973; x_wconf 80' lang='lat' dir='ltr'><strong>subiecto</strong></span> <span class='ocrx_word' id='word_1_178' title='bbox 1392 1905 1429 1969; x_wconf 83' lang='lat' dir='ltr'>L</span> <span class='ocrx_word' id='word_1_179' title='bbox 1445 1906 1505 1977; x_wconf 82' lang='lat' dir='ltr'><strong>Sca</strong></span> 
     </span>
     <span class='ocr_line' id='line_1_20' title="bbox 288 1997 1505 2083; baseline -0.004 -18"><span class='ocrx_word' id='word_1_180' title='bbox 288 2007 360 2083; x_wconf 84' lang='lat' dir='ltr'><strong>ecte</strong></span> <span class='ocrx_word' id='word_1_181' title='bbox 373 2019 485 2080; x_wconf 86' lang='lat' dir='ltr'><strong>megne</strong></span> <span class='ocrx_word' id='word_1_182' title='bbox 497 2005 586 2081; x_wconf 89' lang='lat' dir='ltr'><strong>perte</strong></span> <span class='ocrx_word' id='word_1_183' title='bbox 601 1999 682 2075; x_wconf 85' lang='lat' dir='ltr'><strong>anni,</strong></span> <span class='ocrx_word' id='word_1_184' title='bbox 696 2008 887 2083; x_wconf 88' lang='lat' dir='ltr'><strong>mortuusque</strong></span> <span class='ocrx_word' id='word_1_185' title='bbox 904 2007 953 2063; x_wconf 88' lang='lat' dir='ltr'><strong>est</strong></span> <span class='ocrx_word' id='word_1_186' title='bbox 966 2008 1114 2082; x_wconf 82' lang='lat' dir='ltr'><strong>uergente</strong></span> <span class='ocrx_word' id='word_1_187' title='bbox 1123 2007 1243 2062; x_wconf 70' lang='lat' dir='ltr'><strong>eesmte</strong></span> <span class='ocrx_word' id='word_1_188' title='bbox 1259 1997 1338 2073; x_wconf 89' lang='lat' dir='ltr'><strong>euni,</strong></span> <span class='ocrx_word' id='word_1_189' title='bbox 1353 2016 1414 2078; x_wconf 92' lang='lat' dir='ltr'><strong>quo</strong></span> <span class='ocrx_word' id='word_1_190' title='bbox 1424 2015 1505 2076; x_wconf 79' lang='lat' dir='ltr'><strong>comp</strong></span> 
     </span>
     <span class='ocr_line' id='line_1_21' title="bbox 289 2084 1505 2170; baseline -0.005 -17"><span class='ocrx_word' id='word_1_191' title='bbox 289 2109 386 2154; x_wconf 90' lang='lat' dir='ltr'><strong>eunus</strong></span> <span class='ocrx_word' id='word_1_192' title='bbox 400 2087 444 2152; x_wconf 84' lang='lat'><strong>36</strong></span> <span class='ocrx_word' id='word_1_193' title='bbox 452 2107 462 2165; x_wconf 75' lang='grc' dir='ltr'><strong><em>ς</em></strong></span> <span class='ocrx_word' id='word_1_194' title='bbox 484 2087 611 2169; x_wconf 85' lang='lat' dir='ltr'><strong>populus</strong></span> <span class='ocrx_word' id='word_1_195' title='bbox 625 2095 727 2152; x_wconf 87' lang='lat' dir='ltr'><strong>temen</strong></span> <span class='ocrx_word' id='word_1_196' title='bbox 742 2089 911 2155; x_wconf 87' lang='lat' dir='ltr'><strong>numerevit</strong></span> <span class='ocrx_word' id='word_1_197' title='bbox 925 2084 978 2154; x_wconf 78' lang='lat'><strong>37.</strong></span> <span class='ocrx_word' id='word_1_198' title='bbox 1007 2089 1156 2170; x_wconf 80' lang='lat' dir='ltr'><strong>Exempla</strong></span> <span class='ocrx_word' id='word_1_199' title='bbox 1170 2088 1280 2152; x_wconf 88' lang='lat' dir='ltr'><strong>similie</strong></span> <span class='ocrx_word' id='word_1_200' title='bbox 1292 2085 1434 2167; x_wconf 74' lang='lat' dir='ltr'><strong>Scaliger</strong></span> <span class='ocrx_word' id='word_1_201' title='bbox 1456 2104 1505 2165; x_wconf 85' lang='lat' dir='ltr'><strong>sup</strong></span> 
     </span>
     <span class='ocr_line' id='line_1_22' title="bbox 282 2173 1505 2262; baseline -0.005 -20"><span class='ocrx_word' id='word_1_202' title='bbox 282 2197 329 2242; x_wconf 85' lang='lat' dir='ltr'><strong>ex</strong></span> <span class='ocrx_word' id='word_1_203' title='bbox 342 2177 546 2259; x_wconf 85' lang='lat' dir='ltr'><strong>Xenophonte</strong></span> <span class='ocrx_word' id='word_1_204' title='bbox 562 2183 594 2240; x_wconf 92' lang='lat' dir='ltr'><strong>et</strong></span> <span class='ocrx_word' id='word_1_205' title='bbox 609 2173 750 2255; x_wconf 86' lang='lat' dir='ltr'><strong>Greecie,</strong></span> <span class='ocrx_word' id='word_1_206' title='bbox 765 2197 841 2262; x_wconf 88' lang='lat' dir='ltr'><strong>quae</strong></span> <span class='ocrx_word' id='word_1_207' title='bbox 856 2183 1045 2260; x_wconf 72' lang='lat' dir='ltr'><strong>aemrqprtn</strong></span> <span class='ocrx_word' id='word_1_208' title='bbox 1061 2177 1143 2254; x_wconf 72' lang='lat' dir='ltr'><strong>dicit,</strong></span> <span class='ocrx_word' id='word_1_209' title='bbox 1158 2185 1278 2259; x_wconf 89' lang='lat' dir='ltr'><strong>tempus</strong></span> <span class='ocrx_word' id='word_1_210' title='bbox 1292 2184 1441 2239; x_wconf 72' lang='lat' dir='ltr'><strong>conamus</strong></span> <span class='ocrx_word' id='word_1_211' title='bbox 1455 2193 1505 2236; x_wconf 64' lang='lat' dir='ltr'><strong>ext</strong></span> 
     </span>
     <span class='ocr_line' id='line_1_23' title="bbox 291 2263 1505 2350; baseline -0.004 -20"><span class='ocrx_word' id='word_1_212' title='bbox 291 2267 397 2348; x_wconf 84' lang='lat' dir='ltr'><strong>solidis</strong></span> <span class='ocrx_word' id='word_1_213' title='bbox 419 2266 523 2329; x_wconf 80' lang='lat' dir='ltr'><strong>eneis:</strong></span> <span class='ocrx_word' id='word_1_214' title='bbox 553 2284 628 2347; x_wconf 89' lang='lat' dir='ltr'><strong>quos</strong></span> <span class='ocrx_word' id='word_1_215' title='bbox 649 2266 760 2332; x_wconf 89' lang='lat' dir='ltr'><strong>imitati</strong></span> <span class='ocrx_word' id='word_1_216' title='bbox 782 2276 815 2331; x_wconf 92' lang='lat' dir='ltr'><strong>et</strong></span> <span class='ocrx_word' id='word_1_217' title='bbox 834 2267 938 2332; x_wconf 90' lang='lat' dir='ltr'><strong>Letini</strong></span> <span class='ocrx_word' id='word_1_218' title='bbox 961 2268 1210 2350; x_wconf 77' lang='lat' dir='ltr'><strong>quinquennalem</strong></span> <span class='ocrx_word' id='word_1_219' title='bbox 1231 2284 1330 2346; x_wconf 85' lang='lat' dir='ltr'><strong>egone</strong></span> <span class='ocrx_word' id='word_1_220' title='bbox 1357 2263 1505 2327; x_wconf 82' lang='lat' dir='ltr'><strong>dictitebs</strong></span> 
     </span>
     <span class='ocr_line' id='line_1_24' title="bbox 290 2351 1496 2441; baseline -0.004 -22"><span class='ocrx_word' id='word_1_221' title='bbox 290 2362 420 2439; x_wconf 75' lang='lat' dir='ltr'><strong>quatuor</strong></span> <span class='ocrx_word' id='word_1_222' title='bbox 440 2355 557 2420; x_wconf 86' lang='lat' dir='ltr'><strong>exactis</strong></span> <span class='ocrx_word' id='word_1_223' title='bbox 573 2363 744 2420; x_wconf 89' lang='lat' dir='ltr'><strong>revertente</strong></span> <span class='ocrx_word' id='word_1_224' title='bbox 766 2358 870 2441; x_wconf 90' lang='lat' dir='ltr'><strong>quinto</strong></span> <span class='ocrx_word' id='word_1_225' title='bbox 891 2356 1092 2421; x_wconf 84' lang='lat' dir='ltr'><strong>celebrentur.</strong></span> <span class='ocrx_word' id='word_1_226' title='bbox 1127 2356 1323 2421; x_wconf 88' lang='lat' dir='ltr'><strong>Locutionem</strong></span> <span class='ocrx_word' id='word_1_227' title='bbox 1346 2353 1393 2417; x_wconf 89' lang='lat' dir='ltr'><strong>ait</strong></span> <span class='ocrx_word' id='word_1_228' title='bbox 1413 2351 1496 2433; x_wconf 80' lang='lat' dir='ltr'><strong>apud</strong></span> 
     </span>
     <span class='ocr_line' id='line_1_25' title="bbox 289 2446 1240 2526; baseline -0.004 -18"><span class='ocrx_word' id='word_1_229' title='bbox 289 2446 462 2526; x_wconf 83' lang='lat' dir='ltr'><strong>frequenter</strong></span> <span class='ocrx_word' id='word_1_230' title='bbox 477 2462 641 2507; x_wconf 77' lang='lat' dir='ltr'><strong>occumme.</strong></span> <span class='ocrx_word' id='word_1_231' title='bbox 1156 2486 1162 2494; x_wconf 84' lang='lat'>-</span> <span class='ocrx_word' id='word_1_232' title='bbox 1238 2514 1240 2520; x_wconf 90' lang='lat'><em>.</em></span> 
     </span>
     <span class='ocr_line' id='line_1_26' title="bbox 378 2528 1505 2626; baseline -0.004 -29"><span class='ocrx_word' id='word_1_233' title='bbox 378 2533 436 2597; x_wconf 88' lang='lat' dir='ltr'><strong>Hic</strong></span> <span class='ocrx_word' id='word_1_234' title='bbox 450 2551 567 2597; x_wconf 89' lang='lat' dir='ltr'><strong>rursum</strong></span> <span class='ocrx_word' id='word_1_235' title='bbox 581 2540 616 2595; x_wconf 88' lang='lat' dir='ltr'><strong>ut</strong></span> <span class='ocrx_word' id='word_1_236' title='bbox 629 2532 713 2615; x_wconf 87' lang='lat' dir='ltr'><strong>priua</strong></span> <span class='ocrx_word' id='word_1_237' title='bbox 727 2533 759 2597; x_wconf 91' lang='lat' dir='ltr'><strong>in</strong></span> <span class='ocrx_word' id='word_1_238' title='bbox 769 2532 998 2626; x_wconf 69' lang='lat' dir='ltr'><strong>olympiadibus</strong></span> <span class='ocrx_word' id='word_1_239' title='bbox 1011 2534 1164 2616; x_wconf 81' lang='lat' dir='ltr'><strong>losephus</strong></span> <span class='ocrx_word' id='word_1_240' title='bbox 1180 2549 1213 2597; x_wconf 85' lang='lat' dir='ltr'><strong>se</strong></span> <span class='ocrx_word' id='word_1_241' title='bbox 1227 2531 1311 2596; x_wconf 85' lang='lat' dir='ltr'><strong>verie</strong></span> <span class='ocrx_word' id='word_1_242' title='bbox 1326 2528 1505 2595; x_wconf 78' lang='lat' dir='ltr'><strong>accommot</strong></span> 
     </span>
     <span class='ocr_line' id='line_1_27' title="bbox 290 2621 1505 2706; baseline -0.006 -19"><span class='ocrx_word' id='word_1_243' title='bbox 290 2622 437 2687; x_wconf 78' lang='lat' dir='ltr'><strong>Romanis</strong></span> <span class='ocrx_word' id='word_1_244' title='bbox 466 2641 544 2686; x_wconf 89' lang='lat' dir='ltr'><strong>nunc</strong></span> <span class='ocrx_word' id='word_1_245' title='bbox 564 2621 700 2686; x_wconf 88' lang='lat' dir='ltr'><strong>Judaeis.</strong></span> <span class='ocrx_word' id='word_1_246' title='bbox 736 2622 882 2688; x_wconf 76' lang='lat' dir='ltr'><strong>Romanis</strong></span> <span class='ocrx_word' id='word_1_247' title='bbox 904 2625 1039 2706; x_wconf 83' lang='lat' dir='ltr'><strong>quidem,</strong></span> <span class='ocrx_word' id='word_1_248' title='bbox 1061 2624 1088 2688; x_wconf 89' lang='lat' dir='ltr'><strong>si</strong></span> <span class='ocrx_word' id='word_1_249' title='bbox 1110 2622 1180 2706; x_wconf 88' lang='lat' dir='ltr'><strong>quid</strong></span> <span class='ocrx_word' id='word_1_250' title='bbox 1193 2623 1309 2696; x_wconf 70' lang='lat' dir='ltr'><strong>Romae</strong></span> <span class='ocrx_word' id='word_1_251' title='bbox 1322 2628 1448 2702; x_wconf 88' lang='lat' dir='ltr'><strong>gestum</strong></span> <span class='ocrx_word' id='word_1_252' title='bbox 1470 2638 1505 2680; x_wconf 85' lang='lat' dir='ltr'><strong>eu</strong></span> 
     </span>
     <span class='ocr_line' id='line_1_28' title="bbox 290 2711 1505 2793; baseline -0.006 -16"><span class='ocrx_word' id='word_1_253' title='bbox 290 2713 360 2777; x_wconf 88' lang='lat' dir='ltr'><strong>illae</strong></span> <span class='ocrx_word' id='word_1_254' title='bbox 375 2712 531 2786; x_wconf 76' lang='lat' dir='ltr'><strong>Romanos</strong></span> <span class='ocrx_word' id='word_1_255' title='bbox 553 2711 646 2775; x_wconf 91' lang='lat' dir='ltr'><strong>etiem</strong></span> <span class='ocrx_word' id='word_1_256' title='bbox 661 2712 836 2789; x_wconf 73' lang='lat' dir='ltr'><strong>attinerent,</strong></span> <span class='ocrx_word' id='word_1_257' title='bbox 852 2722 924 2778; x_wconf 91' lang='lat' dir='ltr'><strong>tnnc</strong></span> <span class='ocrx_word' id='word_1_258' title='bbox 940 2714 1018 2779; x_wconf 90' lang='lat' dir='ltr'><strong>euim</strong></span> <span class='ocrx_word' id='word_1_259' title='bbox 1034 2713 1121 2778; x_wconf 77' lang='lat' dir='ltr'><strong>(lose</strong></span> <span class='ocrx_word' id='word_1_260' title='bbox 1143 2712 1307 2793; x_wconf 88' lang='lat' dir='ltr'><strong>respiciens</strong></span> <span class='ocrx_word' id='word_1_261' title='bbox 1329 2729 1428 2772; x_wconf 89' lang='lat' dir='ltr'><strong>enuos</strong></span> <span class='ocrx_word' id='word_1_262' title='bbox 1442 2726 1505 2790; x_wconf 86' lang='lat' dir='ltr'><strong>pop</strong></span> 
     </span>
     <span class='ocr_line' id='line_1_29' title="bbox 282 2797 1505 2881; baseline -0.005 -17"><span class='ocrx_word' id='word_1_263' title='bbox 282 2808 437 2877; x_wconf 72' lang='lat' dir='ltr'><strong>‚numeret</strong></span> <span class='ocrx_word' id='word_1_264' title='bbox 457 2799 543 2863; x_wconf 93' lang='lat' dir='ltr'><strong>initio</strong></span> <span class='ocrx_word' id='word_1_265' title='bbox 559 2801 630 2864; x_wconf 90' lang='lat' dir='ltr'><strong>euni</strong></span> <span class='ocrx_word' id='word_1_266' title='bbox 638 2800 768 2865; x_wconf 86' lang='lat' dir='ltr'><strong>Romani</strong></span> <span class='ocrx_word' id='word_1_267' title='bbox 783 2802 945 2876; x_wconf 80' lang='lat' dir='ltr'><strong>observato</strong></span> <span class='ocrx_word' id='word_1_268' title='bbox 963 2802 1057 2867; x_wconf 84' lang='lat' dir='ltr'><strong>eCel</strong></span> <span class='ocrx_word' id='word_1_269' title='bbox 1071 2799 1375 2881; x_wconf 54' lang='lat' dir='ltr'><strong>anueriieqludeeis</strong></span> <span class='ocrx_word' id='word_1_270' title='bbox 1390 2797 1505 2872; x_wconf 74' lang='lat' dir='ltr'><strong>vernei</strong></span> 
     </span>
     <span class='ocr_line' id='line_1_30' title="bbox 290 2889 1505 2973; baseline -0.004 -20"><span class='ocrx_word' id='word_1_271' title='bbox 290 2908 363 2953; x_wconf 91' lang='lat' dir='ltr'><strong>snae</strong></span> <span class='ocrx_word' id='word_1_272' title='bbox 378 2895 469 2971; x_wconf 87' lang='lat' dir='ltr'><strong>geste</strong></span> <span class='ocrx_word' id='word_1_273' title='bbox 482 2891 680 2971; x_wconf 87' lang='lat' dir='ltr'><strong>persequitur.</strong></span> <span class='ocrx_word' id='word_1_274' title='bbox 709 2890 788 2953; x_wconf 85' lang='lat' dir='ltr'><strong>Eret</strong></span> <span class='ocrx_word' id='word_1_275' title='bbox 801 2899 904 2957; x_wconf 87' lang='lat' dir='ltr'><strong>eutem</strong></span> <span class='ocrx_word' id='word_1_276' title='bbox 917 2891 976 2973; x_wconf 90' lang='lat' dir='ltr'><strong>ipsi</strong></span> <span class='ocrx_word' id='word_1_277' title='bbox 991 2890 1160 2973; x_wconf 87' lang='lat' dir='ltr'><strong>gentilitius</strong></span> <span class='ocrx_word' id='word_1_278' title='bbox 1175 2898 1208 2953; x_wconf 90' lang='lat' dir='ltr'><strong>et</strong></span> <span class='ocrx_word' id='word_1_279' title='bbox 1219 2889 1338 2971; x_wconf 78' lang='lat' dir='ltr'><strong>patrius</strong></span> <span class='ocrx_word' id='word_1_280' title='bbox 1352 2906 1434 2962; x_wconf 87' lang='lat' dir='ltr'><strong>mos,</strong></span> <span class='ocrx_word' id='word_1_281' title='bbox 1455 2904 1505 2966; x_wconf 77' lang='lat' dir='ltr'><strong>pop</strong></span> 
     </span>
     <span class='ocr_line' id='line_1_31' title="bbox 288 2975 1505 3062; baseline -0.004 -20"><span class='ocrx_word' id='word_1_282' title='bbox 288 2980 380 3042; x_wconf 90' lang='lat' dir='ltr'><strong>istem</strong></span> <span class='ocrx_word' id='word_1_283' title='bbox 394 2977 570 3041; x_wconf 89' lang='lat' dir='ltr'><strong>numerandi</strong></span> <span class='ocrx_word' id='word_1_284' title='bbox 591 2979 754 3054; x_wconf 82' lang='lat' dir='ltr'><strong>rationem,</strong></span> <span class='ocrx_word' id='word_1_285' title='bbox 776 3000 864 3062; x_wconf 85' lang='lat' dir='ltr'><strong>quam</strong></span> <span class='ocrx_word' id='word_1_286' title='bbox 886 2981 923 3044; x_wconf 88' lang='lat' dir='ltr'><strong>de</strong></span> <span class='ocrx_word' id='word_1_287' title='bbox 938 2980 1085 3045; x_wconf 79' lang='lat' dir='ltr'><strong>Romanis</strong></span> <span class='ocrx_word' id='word_1_288' title='bbox 1104 2979 1247 3061; x_wconf 81' lang='lat' dir='ltr'><strong>proberi,</strong></span> <span class='ocrx_word' id='word_1_289' title='bbox 1267 2978 1362 3043; x_wconf 89' lang='lat' dir='ltr'><strong>etiam</strong></span> <span class='ocrx_word' id='word_1_290' title='bbox 1384 2995 1453 3039; x_wconf 92' lang='lat' dir='ltr'><strong>oum</strong></span> <span class='ocrx_word' id='word_1_291' title='bbox 1470 2975 1505 3039; x_wconf 85' lang='lat' dir='ltr'><strong>Ju</strong></span> 
     </span>
     <span class='ocr_line' id='line_1_32' title="bbox 293 3066 1239 3151; baseline 0.003 -22"><span class='ocrx_word' id='word_1_292' title='bbox 293 3067 364 3141; x_wconf 88' lang='lat' dir='ltr'><strong>enni</strong></span> <span class='ocrx_word' id='word_1_293' title='bbox 374 3066 552 3149; x_wconf 88' lang='lat' dir='ltr'><strong>principium</strong></span> <span class='ocrx_word' id='word_1_294' title='bbox 566 3067 710 3132; x_wconf 87' lang='lat' dir='ltr'><strong>observat</strong></span> <span class='ocrx_word' id='word_1_295' title='bbox 724 3068 763 3131; x_wconf 82' lang='lat' dir='ltr'><strong>eb</strong></span> <span class='ocrx_word' id='word_1_296' title='bbox 778 3070 900 3134; x_wconf 88' lang='lat' dir='ltr'><strong>incunte</strong></span> <span class='ocrx_word' id='word_1_297' title='bbox 915 3089 996 3145; x_wconf 87' lang='lat' dir='ltr'><strong>vere,</strong></span> <span class='ocrx_word' id='word_1_298' title='bbox 1011 3069 1111 3151; x_wconf 84' lang='lat' dir='ltr'><strong>sequi.</strong></span> <span class='ocrx_word' id='word_1_299' title='bbox 1236 3139 1239 3145; x_wconf 56' lang='grc'><em>,</em></span> 
     </span>
     <span class='ocr_line' id='line_1_33' title="bbox 244 3154 1505 3239; baseline -0.004 -20"><span class='ocrx_word' id='word_1_300' title='bbox 244 3219 249 3235; x_wconf 65' lang='grc'><strong><em>,</em></strong></span> <span class='ocrx_word' id='word_1_301' title='bbox 377 3154 560 3235; x_wconf 90' lang='lat' dir='ltr'><strong>Principium</strong></span> <span class='ocrx_word' id='word_1_302' title='bbox 581 3155 639 3219; x_wconf 91' lang='lat' dir='ltr'><strong>hoc</strong></span> <span class='ocrx_word' id='word_1_303' title='bbox 660 3157 746 3232; x_wconf 85' lang='lat' dir='ltr'><strong>euni,</strong></span> <span class='ocrx_word' id='word_1_304' title='bbox 768 3158 835 3239; x_wconf 90' lang='lat' dir='ltr'><strong>lege</strong></span> <span class='ocrx_word' id='word_1_305' title='bbox 856 3167 997 3236; x_wconf 10' lang='lat' dir='ltr'><strong>&#39;emotum</strong></span> <span class='ocrx_word' id='word_1_306' title='bbox 1020 3160 1051 3221; x_wconf 90' lang='lat' dir='ltr'><strong>in</strong></span> <span class='ocrx_word' id='word_1_307' title='bbox 1075 3156 1159 3220; x_wconf 86' lang='lat' dir='ltr'><strong>exitu</strong></span> <span class='ocrx_word' id='word_1_308' title='bbox 1181 3155 1391 3221; x_wconf 87' lang='lat' dir='ltr'><strong>Isreeliterum</strong></span> <span class='ocrx_word' id='word_1_309' title='bbox 1414 3172 1455 3216; x_wconf 86' lang='lat' dir='ltr'><strong>ex</strong></span> <span class='ocrx_word' id='word_1_310' title='bbox 1477 3154 1505 3213; x_wconf 93' lang='lat' dir='ltr'><strong>A</strong></span> 
     </span>
     <span class='ocr_line' id='line_1_34' title="bbox 290 3241 1505 3329; baseline -0.002 -22"><span class='ocrx_word' id='word_1_311' title='bbox 290 3243 412 3308; x_wconf 80' lang='lat' dir='ltr'><strong>duravit</strong></span> <span class='ocrx_word' id='word_1_312' title='bbox 427 3244 520 3307; x_wconf 90' lang='lat' dir='ltr'><strong>etiem</strong></span> <span class='ocrx_word' id='word_1_313' title='bbox 534 3245 719 3326; x_wconf 87' lang='lat' dir='ltr'><strong>temporibus</strong></span> <span class='ocrx_word' id='word_1_314' title='bbox 726 3245 851 3322; x_wconf 81' lang='lat' dir='ltr'><strong>Christi,</strong></span> <span class='ocrx_word' id='word_1_315' title='bbox 865 3252 1140 3329; x_wconf 89' lang='lat' dir='ltr'><strong>treussumtumqne</strong></span> <span class='ocrx_word' id='word_1_316' title='bbox 1156 3253 1205 3310; x_wconf 92' lang='lat' dir='ltr'><strong>est</strong></span> <span class='ocrx_word' id='word_1_317' title='bbox 1217 3245 1251 3307; x_wconf 47' lang='lat' dir='ltr'><strong>in&gt;</strong></span> <span class='ocrx_word' id='word_1_318' title='bbox 1264 3262 1374 3307; x_wconf 89' lang='lat' dir='ltr'><strong>aunum</strong></span> <span class='ocrx_word' id='word_1_319' title='bbox 1390 3241 1505 3306; x_wconf 79' lang='lat' dir='ltr'><strong>ecclesi</strong></span> 
     </span>
     <span class='ocr_line' id='line_1_35' title="bbox 260 3331 1505 3419; baseline -0.003 -23"><span class='ocrx_word' id='word_1_320' title='bbox 260 3352 262 3355; x_wconf 87' lang='grc'><strong><em>·</em></strong></span> <span class='ocrx_word' id='word_1_321' title='bbox 289 3351 434 3414; x_wconf 84' lang='lat' dir='ltr'><strong>emegue</strong></span> <span class='ocrx_word' id='word_1_322' title='bbox 453 3339 542 3413; x_wconf 87' lang='lat' dir='ltr'><strong>perte</strong></span> <span class='ocrx_word' id='word_1_323' title='bbox 559 3332 808 3398; x_wconf 79' lang='lat' dir='ltr'><strong>Christianorum.</strong></span> <span class='ocrx_word' id='word_1_324' title='bbox 844 3337 921 3400; x_wconf 83' lang='lat' dir='ltr'><strong>Ete</strong></span> <span class='ocrx_word' id='word_1_325' title='bbox 942 3337 1126 3419; x_wconf 88' lang='lat' dir='ltr'><strong>temporibus</strong></span> <span class='ocrx_word' id='word_1_326' title='bbox 1147 3334 1265 3416; x_wconf 85' lang='lat' dir='ltr'><strong>quidem</strong></span> <span class='ocrx_word' id='word_1_327' title='bbox 1280 3331 1505 3396; x_wconf 79' lang='lat' dir='ltr'><strong>Macchabaeor</strong></span> 
     </span>
     <span class='ocr_line' id='line_1_36' title="bbox 289 3419 1505 3502; baseline -0.002 -18"><span class='ocrx_word' id='word_1_328' title='bbox 289 3422 395 3484; x_wconf 81' lang='lat' dir='ltr'><strong>uoueri</strong></span> <span class='ocrx_word' id='word_1_329' title='bbox 411 3429 573 3483; x_wconf 87' lang='lat' dir='ltr'><strong>eunuseat</strong></span> <span class='ocrx_word' id='word_1_330' title='bbox 593 3422 710 3485; x_wconf 80' lang='lat' dir='ltr'><strong>solitus</strong></span> <span class='ocrx_word' id='word_1_331' title='bbox 722 3424 784 3486; x_wconf 84' lang='lat' dir='ltr'><strong>iere</strong></span> <span class='ocrx_word' id='word_1_332' title='bbox 807 3425 956 3488; x_wconf 87' lang='lat' dir='ltr'><strong>dominice</strong></span> <span class='ocrx_word' id='word_1_333' title='bbox 969 3426 1094 3500; x_wconf 86' lang='lat' dir='ltr'><strong>Judica,</strong></span> <span class='ocrx_word' id='word_1_334' title='bbox 1114 3431 1150 3486; x_wconf 94' lang='lat' dir='ltr'><strong>ut</strong></span> <span class='ocrx_word' id='word_1_335' title='bbox 1170 3423 1202 3486; x_wconf 89' lang='lat' dir='ltr'><strong>in</strong></span> <span class='ocrx_word' id='word_1_336' title='bbox 1217 3420 1408 3502; x_wconf 82' lang='lat' dir='ltr'><strong>Gregorienn</strong></span> <span class='ocrx_word' id='word_1_337' title='bbox 1429 3419 1505 3483; x_wconf 85' lang='lat' dir='ltr'><strong>iusti</strong></span> 
     </span>
     <span class='ocr_line' id='line_1_37' title="bbox 290 3508 1505 3597; baseline -0.003 -24"><span class='ocrx_word' id='word_1_338' title='bbox 290 3511 335 3573; x_wconf 87' lang='lat' dir='ltr'><strong>sic</strong></span> <span class='ocrx_word' id='word_1_339' title='bbox 350 3518 385 3572; x_wconf 91' lang='lat' dir='ltr'><strong>ut</strong></span> <span class='ocrx_word' id='word_1_340' title='bbox 398 3510 512 3590; x_wconf 89' lang='lat' dir='ltr'><strong>primus</strong></span> <span class='ocrx_word' id='word_1_341' title='bbox 526 3508 658 3590; x_wconf 88' lang='lat' dir='ltr'><strong>ipsorum</strong></span> <span class='ocrx_word' id='word_1_342' title='bbox 672 3513 785 3576; x_wconf 85' lang='lat' dir='ltr'><strong>mensis</strong></span> <span class='ocrx_word' id='word_1_343' title='bbox 800 3514 897 3577; x_wconf 86' lang='lat' dir='ltr'><strong>Nisen</strong></span> <span class='ocrx_word' id='word_1_344' title='bbox 914 3534 979 3579; x_wconf 90' lang='lat' dir='ltr'><strong>cum</strong></span> <span class='ocrx_word' id='word_1_345' title='bbox 995 3512 1292 3597; x_wconf 88' lang='lat' dir='ltr'><strong>Syro-Macedonum</strong></span> <span class='ocrx_word' id='word_1_346' title='bbox 1306 3509 1464 3573; x_wconf 86' lang='lat' dir='ltr'><strong>Xentbico</strong></span> <span class='ocrx_word' id='word_1_347' title='bbox 1484 3526 1505 3568; x_wconf 60' lang='lat' dir='ltr'><strong>u‘</strong></span> 
     </span>
     <span class='ocr_line' id='line_1_38' title="bbox 290 3597 1505 3685; baseline -0.002 -23"><span class='ocrx_word' id='word_1_348' title='bbox 290 3616 370 3672; x_wconf 87' lang='lat' dir='ltr'><strong>mum</strong></span> <span class='ocrx_word' id='word_1_349' title='bbox 390 3599 422 3661; x_wconf 90' lang='lat' dir='ltr'><strong>in</strong></span> <span class='ocrx_word' id='word_1_350' title='bbox 437 3598 573 3678; x_wconf 87' lang='lat' dir='ltr'><strong>Aprilem</strong></span> <span class='ocrx_word' id='word_1_351' title='bbox 593 3599 745 3663; x_wconf 90' lang='lat' dir='ltr'><strong>Juliannm</strong></span> <span class='ocrx_word' id='word_1_352' title='bbox 756 3611 961 3684; x_wconf 62' lang='lat' dir='ltr'><strong>&#39;competeret</strong></span> <span class='ocrx_word' id='word_1_353' title='bbox 997 3604 1104 3685; x_wconf 85' lang='lat' dir='ltr'><strong>Iteque</strong></span> <span class='ocrx_word' id='word_1_354' title='bbox 1120 3602 1238 3684; x_wconf 89' lang='lat' dir='ltr'><strong>quoties</strong></span> <span class='ocrx_word' id='word_1_355' title='bbox 1260 3617 1365 3681; x_wconf 89' lang='lat' dir='ltr'><strong>regum</strong></span> <span class='ocrx_word' id='word_1_356' title='bbox 1380 3597 1505 3679; x_wconf 75' lang='lat' dir='ltr'><strong>aliquis]</strong></span> 
     </span>
     <span class='ocr_line' id='line_1_39' title="bbox 291 3686 1505 3772; baseline -0.004 -20"><span class='ocrx_word' id='word_1_357' title='bbox 291 3689 369 3752; x_wconf 90' lang='lat' dir='ltr'><strong>diem</strong></span> <span class='ocrx_word' id='word_1_358' title='bbox 385 3686 481 3749; x_wconf 87' lang='lat' dir='ltr'><strong>civilis</strong></span> <span class='ocrx_word' id='word_1_359' title='bbox 497 3688 567 3751; x_wconf 90' lang='lat' dir='ltr'><strong>enni</strong></span> <span class='ocrx_word' id='word_1_360' title='bbox 580 3691 777 3766; x_wconf 88' lang='lat' dir='ltr'><strong>revertentis,</strong></span> <span class='ocrx_word' id='word_1_361' title='bbox 798 3692 925 3772; x_wconf 86' lang='lat' dir='ltr'><strong>primum</strong></span> <span class='ocrx_word' id='word_1_362' title='bbox 940 3712 982 3758; x_wconf 90' lang='lat' dir='ltr'><strong>sc.</strong></span> <span class='ocrx_word' id='word_1_363' title='bbox 997 3692 1109 3756; x_wconf 87' lang='lat' dir='ltr'><strong>mensis</strong></span> <span class='ocrx_word' id='word_1_364' title='bbox 1125 3690 1212 3772; x_wconf 81' lang='lat' dir='ltr'><strong>primi</strong></span> <span class='ocrx_word' id='word_1_365' title='bbox 1223 3689 1322 3760; x_wconf 85' lang='lat' dir='ltr'><strong>Nisen</strong></span> <span class='ocrx_word' id='word_1_366' title='bbox 1334 3687 1455 3768; x_wconf 74' lang='lat' dir='ltr'><strong>attigit,</strong></span> <span class='ocrx_word' id='word_1_367' title='bbox 1475 3704 1505 3747; x_wconf 87' lang='lat' dir='ltr'><strong>ur</strong></span> 
     </span>
     <span class='ocr_line' id='line_1_40' title="bbox 244 3776 1505 3861; baseline -0.004 -20"><span class='ocrx_word' id='word_1_368' title='bbox 244 3776 247 3791; x_wconf 84' lang='lat'>&#39;</span> <span class='ocrx_word' id='word_1_369' title='bbox 289 3779 358 3861; x_wconf 92' lang='lat' dir='ltr'><strong>plus</strong></span> <span class='ocrx_word' id='word_1_370' title='bbox 374 3776 544 3839; x_wconf 78' lang='lat' dir='ltr'><strong>numeravit</strong></span> <span class='ocrx_word' id='word_1_371' title='bbox 565 3776 602 3838; x_wconf 89' lang='lat' dir='ltr'><strong>de</strong></span> <span class='ocrx_word' id='word_1_372' title='bbox 617 3795 726 3857; x_wconf 87' lang='lat' dir='ltr'><strong>reguo,</strong></span> <span class='ocrx_word' id='word_1_373' title='bbox 747 3797 838 3860; x_wconf 85' lang='lat' dir='ltr'><strong>quem</strong></span> <span class='ocrx_word' id='word_1_374' title='bbox 858 3782 965 3845; x_wconf 87' lang='lat' dir='ltr'><strong>ultime</strong></span> <span class='ocrx_word' id='word_1_375' title='bbox 986 3782 1034 3845; x_wconf 90' lang='lat' dir='ltr'><strong>die</strong></span> <span class='ocrx_word' id='word_1_376' title='bbox 1055 3780 1151 3853; x_wconf 78' lang='lat' dir='ltr'><strong>civilis</strong></span> <span class='ocrx_word' id='word_1_377' title='bbox 1173 3778 1244 3842; x_wconf 91' lang='lat' dir='ltr'><strong>euni</strong></span> <span class='ocrx_word' id='word_1_378' title='bbox 1257 3776 1378 3840; x_wconf 86' lang='lat' dir='ltr'><strong>Judeici</strong></span> <span class='ocrx_word' id='word_1_379' title='bbox 1399 3793 1505 3838; x_wconf 83' lang='lat' dir='ltr'><strong>numen</strong></span> 
     </span>
     <span class='ocr_line' id='line_1_41' title="bbox 291 3864 1498 3948; baseline -0.002 -20"><span class='ocrx_word' id='word_1_380' title='bbox 291 3866 426 3948; x_wconf 84' lang='lat' dir='ltr'><strong>quemvis</strong></span> <span class='ocrx_word' id='word_1_381' title='bbox 443 3887 462 3928; x_wconf 90' lang='lat' dir='ltr'><strong>a</strong></span> <span class='ocrx_word' id='word_1_382' title='bbox 477 3865 525 3927; x_wconf 87' lang='lat' dir='ltr'><strong>die</strong></span> <span class='ocrx_word' id='word_1_383' title='bbox 541 3864 654 3946; x_wconf 88' lang='lat' dir='ltr'><strong>incepti</strong></span> <span class='ocrx_word' id='word_1_384' title='bbox 663 3868 748 3947; x_wconf 91' lang='lat' dir='ltr'><strong>regni</strong></span> <span class='ocrx_word' id='word_1_385' title='bbox 763 3887 823 3931; x_wconf 89' lang='lat' dir='ltr'><strong>non</strong></span> <span class='ocrx_word' id='word_1_386' title='bbox 833 3879 939 3933; x_wconf 90' lang='lat' dir='ltr'><strong>essent</strong></span> <span class='ocrx_word' id='word_1_387' title='bbox 953 3870 1054 3934; x_wconf 84' lang='lat' dir='ltr'><strong>execti</strong></span> <span class='ocrx_word' id='word_1_388' title='bbox 1069 3876 1118 3932; x_wconf 92' lang='lat' dir='ltr'><strong>tot</strong></span> <span class='ocrx_word' id='word_1_389' title='bbox 1132 3868 1202 3931; x_wconf 90' lang='lat' dir='ltr'><strong>euni</strong></span> <span class='ocrx_word' id='word_1_390' title='bbox 1216 3865 1305 3948; x_wconf 81' lang='lat' dir='ltr'><strong>pleni.</strong></span> <span class='ocrx_word' id='word_1_391' title='bbox 1327 3864 1404 3935; x_wconf 91' lang='lat' dir='ltr'><strong>Inde</strong></span> <span class='ocrx_word' id='word_1_392' title='bbox 1420 3864 1498 3926; x_wconf 88' lang='lat' dir='ltr'><strong>edeo</strong></span> 
     </span>
     <span class='ocr_line' id='line_1_42' title="bbox 289 3953 1505 4047; baseline -0.005 -27"><span class='ocrx_word' id='word_1_393' title='bbox 289 3962 325 4020; x_wconf 91' lang='lat' dir='ltr'><strong>nt</strong></span> <span class='ocrx_word' id='word_1_394' title='bbox 338 3954 401 4019; x_wconf 85' lang='lat' dir='ltr'><strong>iere</strong></span> <span class='ocrx_word' id='word_1_395' title='bbox 417 3963 593 4047; x_wconf 74' lang='lat' dir='ltr'><strong>antecessor</strong></span> <span class='ocrx_word' id='word_1_396' title='bbox 609 3962 812 4025; x_wconf 85' lang='lat' dir='ltr'><strong>eteuccesaor</strong></span> <span class='ocrx_word' id='word_1_397' title='bbox 827 3978 937 4023; x_wconf 88' lang='lat' dir='ltr'><strong>annum</strong></span> <span class='ocrx_word' id='word_1_398' title='bbox 953 3957 1151 4025; x_wconf 86' lang='lat' dir='ltr'><strong>successionis</strong></span> <span class='ocrx_word' id='word_1_399' title='bbox 1161 3973 1346 4030; x_wconf 61' lang='lat' dir='ltr'><strong>communem,</strong></span> <span class='ocrx_word' id='word_1_400' title='bbox 1358 3953 1505 4018; x_wconf 85' lang='lat' dir='ltr'><strong>heberent</strong></span> 
     </span>
     <span class='ocr_line' id='line_1_43' title="bbox 290 4041 1505 4131; baseline -0.004 -23"><span class='ocrx_word' id='word_1_401' title='bbox 290 4052 452 4127; x_wconf 77' lang='lat' dir='ltr'><strong>tenentque</strong></span> <span class='ocrx_word' id='word_1_402' title='bbox 467 4044 518 4106; x_wconf 87' lang='lat' dir='ltr'><strong>ille</strong></span> <span class='ocrx_word' id='word_1_403' title='bbox 533 4043 670 4110; x_wconf 86' lang='lat' dir='ltr'><strong>ultimum</strong></span> <span class='ocrx_word' id='word_1_404' title='bbox 684 4045 808 4127; x_wconf 85' lang='lat' dir='ltr'><strong>eprimo</strong></span> <span class='ocrx_word' id='word_1_405' title='bbox 817 4049 924 4125; x_wconf 87' lang='lat' dir='ltr'><strong>Nisan,</strong></span> <span class='ocrx_word' id='word_1_406' title='bbox 938 4050 987 4112; x_wconf 90' lang='lat' dir='ltr'><strong>hic</strong></span> <span class='ocrx_word' id='word_1_407' title='bbox 1002 4049 1128 4131; x_wconf 88' lang='lat' dir='ltr'><strong>primum</strong></span> <span class='ocrx_word' id='word_1_408' title='bbox 1144 4047 1183 4109; x_wconf 92' lang='lat' dir='ltr'><strong>ed</strong></span> <span class='ocrx_word' id='word_1_409' title='bbox 1197 4063 1290 4127; x_wconf 80' lang='lat' dir='ltr'><strong>usque</strong></span> <span class='ocrx_word' id='word_1_410' title='bbox 1305 4044 1395 4112; x_wconf 85' lang='lat' dir='ltr'><strong>finem</strong></span> <span class='ocrx_word' id='word_1_411' title='bbox 1415 4041 1505 4105; x_wconf 72' lang='lat' dir='ltr'><strong>cislo</strong></span> 
     </span>
     <span class='ocr_line' id='line_1_44' title="bbox 290 4131 1505 4220; baseline -0.003 -24"><span class='ocrx_word' id='word_1_412' title='bbox 290 4141 323 4196; x_wconf 93' lang='lat' dir='ltr'><strong>et</strong></span> <span class='ocrx_word' id='word_1_413' title='bbox 337 4131 395 4197; x_wconf 91' lang='lat' dir='ltr'><strong>hoo</strong></span> <span class='ocrx_word' id='word_1_414' title='bbox 411 4133 530 4215; x_wconf 90' lang='lat' dir='ltr'><strong>quidem</strong></span> <span class='ocrx_word' id='word_1_415' title='bbox 551 4135 583 4196; x_wconf 91' lang='lat' dir='ltr'><strong>in</strong></span> <span class='ocrx_word' id='word_1_416' title='bbox 599 4133 825 4215; x_wconf 84' lang='lat' dir='ltr'><strong>consignatione</strong></span> <span class='ocrx_word' id='word_1_417' title='bbox 841 4145 978 4202; x_wconf 86' lang='lat' dir='ltr'><strong>ectorum</strong></span> <span class='ocrx_word' id='word_1_418' title='bbox 993 4136 1192 4220; x_wconf 88' lang='lat' dir='ltr'><strong>publicorum.</strong></span> <span class='ocrx_word' id='word_1_419' title='bbox 1227 4133 1325 4213; x_wconf 84' lang='lat' dir='ltr'><strong>Hujus</strong></span> <span class='ocrx_word' id='word_1_420' title='bbox 1338 4131 1433 4195; x_wconf 86' lang='lat' dir='ltr'><strong>moris</strong></span> <span class='ocrx_word' id='word_1_421' title='bbox 1448 4131 1505 4193; x_wconf 84' lang='lat' dir='ltr'><strong>(loo</strong></span> 
     </span>
     <span class='ocr_line' id='line_1_45' title="bbox 291 4217 1505 4312; baseline -0.005 -26"><span class='ocrx_word' id='word_1_422' title='bbox 291 4223 420 4306; x_wconf 87' lang='lat' dir='ltr'><strong>plurime</strong></span> <span class='ocrx_word' id='word_1_423' title='bbox 441 4223 638 4304; x_wconf 88' lang='lat' dir='ltr'><strong>suppeditent</strong></span> <span class='ocrx_word' id='word_1_424' title='bbox 656 4222 727 4286; x_wconf 87' lang='lat' dir='ltr'><strong>libri</strong></span> <span class='ocrx_word' id='word_1_425' title='bbox 742 4224 867 4307; x_wconf 85' lang='lat' dir='ltr'><strong>Regum.</strong></span> <span class='ocrx_word' id='word_1_426' title='bbox 903 4226 1171 4291; x_wconf 82' lang='lat' dir='ltr'><strong>Evidentissimnm</strong></span> <span class='ocrx_word' id='word_1_427' title='bbox 1191 4224 1222 4288; x_wconf 94' lang='lat' dir='ltr'><strong>in</strong></span> <span class='ocrx_word' id='word_1_428' title='bbox 1235 4221 1372 4312; x_wconf 80' lang='lat' dir='ltr'><strong>Joseplro</strong></span> <span class='ocrx_word' id='word_1_429' title='bbox 1387 4217 1505 4299; x_wconf 85' lang='lat' dir='ltr'><strong>exempl</strong></span> 
     </span>
     <span class='ocr_line' id='line_1_46' title="bbox 254 4306 1505 4398; baseline -0.006 -23"><span class='ocrx_word' id='word_1_430' title='bbox 254 4313 257 4317; x_wconf 76' lang='grc'>’</span> <span class='ocrx_word' id='word_1_431' title='bbox 292 4330 359 4375; x_wconf 92' lang='lat' dir='ltr'><strong>cum</strong></span> <span class='ocrx_word' id='word_1_432' title='bbox 372 4312 564 4394; x_wconf 86' lang='lat' dir='ltr'><strong>Jerosolyme</strong></span> <span class='ocrx_word' id='word_1_433' title='bbox 578 4311 661 4394; x_wconf 86' lang='lat' dir='ltr'><strong>prius</strong></span> <span class='ocrx_word' id='word_1_434' title='bbox 682 4335 702 4375; x_wconf 93' lang='lat' dir='ltr'><strong>e</strong></span> <span class='ocrx_word' id='word_1_435' title='bbox 716 4314 861 4397; x_wconf 90' lang='lat' dir='ltr'><strong>Pompejo</strong></span> <span class='ocrx_word' id='word_1_436' title='bbox 877 4324 969 4398; x_wconf 83' lang='lat' dir='ltr'><strong>cepte</strong></span> <span class='ocrx_word' id='word_1_437' title='bbox 985 4317 1130 4383; x_wconf 84' lang='lat' dir='ltr'><strong>Cicerone</strong></span> <span class='ocrx_word' id='word_1_438' title='bbox 1151 4321 1185 4376; x_wconf 91' lang='lat' dir='ltr'><strong>et</strong></span> <span class='ocrx_word' id='word_1_439' title='bbox 1196 4310 1332 4389; x_wconf 87' lang='lat' dir='ltr'><strong>Antonio</strong></span> <span class='ocrx_word' id='word_1_440' title='bbox 1348 4309 1436 4374; x_wconf 82' lang='lat' dir='ltr'><strong>Coss.</strong></span> <span class='ocrx_word' id='word_1_441' title='bbox 1457 4306 1505 4370; x_wconf 80' lang='lat' dir='ltr'><strong>dici</strong></span> 
     </span>
     <span class='ocr_line' id='line_1_47' title="bbox 282 4394 1505 4483; baseline -0.005 -20"><span class='ocrx_word' id='word_1_442' title='bbox 282 4424 314 4476; x_wconf 68' lang='lat' dir='ltr'><strong>e.</strong></span> <span class='ocrx_word' id='word_1_443' title='bbox 332 4394 355 4473; x_wconf 77' lang='grc' dir='ltr'><strong>ζ.</strong></span> <span class='ocrx_word' id='word_1_444' title='bbox 371 4400 434 4481; x_wconf 74' lang='grc' dir='ltr'><strong>ἐτη,</strong></span> <span class='ocrx_word' id='word_1_445' title='bbox 455 4410 527 4483; x_wconf 91' lang='lat' dir='ltr'><strong>post</strong></span> <span class='ocrx_word' id='word_1_446' title='bbox 542 4397 584 4470; x_wconf 80' lang='lat'><strong>27</strong></span> <span class='ocrx_word' id='word_1_447' title='bbox 601 4421 712 4479; x_wconf 85' lang='lat' dir='ltr'><strong>euros,</strong></span> <span class='ocrx_word' id='word_1_448' title='bbox 734 4399 839 4476; x_wconf 80' lang='lat' dir='ltr'><strong>eodem</strong></span> <span class='ocrx_word' id='word_1_449' title='bbox 854 4406 902 4470; x_wconf 88' lang='lat' dir='ltr'><strong>die</strong></span> <span class='ocrx_word' id='word_1_450' title='bbox 917 4412 1092 4470; x_wconf 80' lang='lat' dir='ltr'><strong>revertente</strong></span> <span class='ocrx_word' id='word_1_451' title='bbox 1114 4404 1210 4467; x_wconf 87' lang='lat' dir='ltr'><strong>denuo</strong></span> <span class='ocrx_word' id='word_1_452' title='bbox 1232 4403 1324 4480; x_wconf 77' lang='lat' dir='ltr'><strong>cepte</strong></span> <span class='ocrx_word' id='word_1_453' title='bbox 1345 4417 1413 4462; x_wconf 89' lang='lat' dir='ltr'><strong>esse</strong></span> <span class='ocrx_word' id='word_1_454' title='bbox 1436 4395 1505 4460; x_wconf 86' lang='lat' dir='ltr'><strong>abl</strong></span> 
     </span>
     <span class='ocr_line' id='line_1_48' title="bbox 291 4485 1505 4573; baseline -0.006 -17"><span class='ocrx_word' id='word_1_455' title='bbox 291 4491 431 4573; x_wconf 73' lang='lat' dir='ltr'><strong>Agrippa</strong></span> <span class='ocrx_word' id='word_1_456' title='bbox 452 4498 485 4555; x_wconf 93' lang='lat' dir='ltr'><strong>et</strong></span> <span class='ocrx_word' id='word_1_457' title='bbox 500 4490 628 4555; x_wconf 82' lang='lat' dir='ltr'><strong>Caninio</strong></span> <span class='ocrx_word' id='word_1_458' title='bbox 644 4490 735 4555; x_wconf 86' lang='lat' dir='ltr'><strong>Gallo</strong></span> <span class='ocrx_word' id='word_1_459' title='bbox 752 4492 855 4571; x_wconf 82' lang='lat' dir='ltr'><strong>Coss,</strong></span> <span class='ocrx_word' id='word_1_460' title='bbox 876 4515 942 4559; x_wconf 90' lang='lat' dir='ltr'><strong>cum</strong></span> <span class='ocrx_word' id='word_1_461' title='bbox 963 4495 1106 4560; x_wconf 87' lang='lat' dir='ltr'><strong>intersint</strong></span> <span class='ocrx_word' id='word_1_462' title='bbox 1127 4491 1199 4556; x_wconf 83' lang='lat' dir='ltr'><strong>anui</strong></span> <span class='ocrx_word' id='word_1_463' title='bbox 1214 4487 1375 4563; x_wconf 74' lang='lat' dir='ltr'><strong>solidite,</strong></span> <span class='ocrx_word' id='word_1_464' title='bbox 1396 4485 1465 4550; x_wconf 90' lang='lat' dir='ltr'><strong>nibil</strong></span> <span class='ocrx_word' id='word_1_465' title='bbox 1477 4500 1505 4545; x_wconf 80' lang='lat' dir='ltr'><strong>eu</strong></span> 
     </span>
    </p>

    <p class='ocr_par' dir='ltr' id='par_1_3' title="bbox 292 4572 1505 4666">
     <span class='ocr_line' id='line_1_49' title="bbox 292 4572 1505 4666; baseline -0.006 -24"><span class='ocrx_word' id='word_1_466' title='bbox 292 4589 415 4644; x_wconf 83' lang='lat' dir='ltr'><strong>constet</strong></span> <span class='ocrx_word' id='word_1_467' title='bbox 436 4580 515 4644; x_wconf 89' lang='lat' dir='ltr'><strong>enim</strong></span> <span class='ocrx_word' id='word_1_468' title='bbox 528 4581 663 4664; x_wconf 84' lang='lat' dir='ltr'><strong>Josepho</strong></span> <span class='ocrx_word' id='word_1_469' title='bbox 686 4582 818 4647; x_wconf 82' lang='lat' dir='ltr'><strong>calculus</strong></span> <span class='ocrx_word' id='word_1_470' title='bbox 839 4585 901 4648; x_wconf 88' lang='lat' dir='ltr'><strong>ista</strong></span> <span class='ocrx_word' id='word_1_471' title='bbox 914 4586 1034 4666; x_wconf 87' lang='lat' dir='ltr'><strong>gemine</strong></span> <span class='ocrx_word' id='word_1_472' title='bbox 1055 4583 1173 4649; x_wconf 85' lang='lat' dir='ltr'><strong>ratione</strong></span> <span class='ocrx_word' id='word_1_473' title='bbox 1196 4599 1251 4643; x_wconf 87' lang='lat' dir='ltr'><strong>sen</strong></span> <span class='ocrx_word' id='word_1_474' title='bbox 1262 4579 1401 4643; x_wconf 87' lang='lat' dir='ltr'><strong>Romane</strong></span> <span class='ocrx_word' id='word_1_475' title='bbox 1419 4572 1505 4656; x_wconf 88' lang='lat' dir='ltr'><strong>popul</strong></span> 
     </span>
    </p>

    <p class='ocr_par' dir='ltr' id='par_1_4' title="bbox 251 4659 1505 4844">
     <span class='ocr_line' id='line_1_50' title="bbox 292 4659 1505 4754; baseline -0.007 -21"><span class='ocrx_word' id='word_1_476' title='bbox 292 4665 389 4745; x_wconf 83' lang='lat' dir='ltr'><strong>Coss,</strong></span> <span class='ocrx_word' id='word_1_477' title='bbox 403 4690 528 4753; x_wconf 88' lang='lat' dir='ltr'><strong>quorum</strong></span> <span class='ocrx_word' id='word_1_478' title='bbox 543 4679 630 4737; x_wconf 91' lang='lat' dir='ltr'><strong>erant</strong></span> <span class='ocrx_word' id='word_1_479' title='bbox 645 4666 687 4741; x_wconf 78' lang='lat'><strong>27</strong></span> <span class='ocrx_word' id='word_1_480' title='bbox 702 4673 798 4754; x_wconf 86' lang='lat' dir='ltr'><strong>paria,</strong></span> <span class='ocrx_word' id='word_1_481' title='bbox 813 4693 867 4736; x_wconf 90' lang='lat' dir='ltr'><strong>seu</strong></span> <span class='ocrx_word' id='word_1_482' title='bbox 879 4674 1018 4752; x_wconf 73' lang='lat' dir='ltr'><strong>iudaice,</strong></span> <span class='ocrx_word' id='word_1_483' title='bbox 1037 4673 1069 4737; x_wconf 88' lang='lat' dir='ltr'><strong>in</strong></span> <span class='ocrx_word' id='word_1_484' title='bbox 1084 4691 1143 4754; x_wconf 83' lang='lat' dir='ltr'><strong>qne</strong></span> <span class='ocrx_word' id='word_1_485' title='bbox 1156 4670 1269 4752; x_wconf 87' lang='lat' dir='ltr'><strong>primus</strong></span> <span class='ocrx_word' id='word_1_486' title='bbox 1283 4668 1321 4731; x_wconf 88' lang='lat' dir='ltr'><strong>de</strong></span> <span class='ocrx_word' id='word_1_487' title='bbox 1336 4667 1384 4730; x_wconf 89' lang='lat' dir='ltr'><strong>hie</strong></span> <span class='ocrx_word' id='word_1_488' title='bbox 1399 4659 1439 4728; x_wconf 81' lang='grc'><strong>27</strong></span> <span class='ocrx_word' id='word_1_489' title='bbox 1450 4675 1505 4725; x_wconf 81' lang='lat' dir='ltr'><strong>eunt</strong></span> 
     </span>
     <span class='ocr_line' id='line_1_51' title="bbox 251 4749 1505 4844; baseline -0.007 -22"><span class='ocrx_word' id='word_1_490' title='bbox 251 4769 254 4775; x_wconf 61' lang='lat'><strong>⁴</strong></span> <span class='ocrx_word' id='word_1_491' title='bbox 288 4756 380 4844; x_wconf 46' lang='lat' dir='ltr'><strong>,beret</strong></span> <span class='ocrx_word' id='word_1_492' title='bbox 392 4778 512 4834; x_wconf 86' lang='lat' dir='ltr'><strong>mensos</strong></span> <span class='ocrx_word' id='word_1_493' title='bbox 526 4759 547 4825; x_wconf 89' lang='lat'><strong>9</strong></span> <span class='ocrx_word' id='word_1_494' title='bbox 561 4760 692 4839; x_wconf 85' lang='lat' dir='ltr'><strong>ultimos,</strong></span> <span class='ocrx_word' id='word_1_495' title='bbox 707 4782 805 4828; x_wconf 83' lang='lat' dir='ltr'><strong>annus</strong></span> <span class='ocrx_word' id='word_1_496' title='bbox 819 4782 892 4828; x_wconf 84' lang='lat' dir='ltr'><strong>uero</strong></span> <span class='ocrx_word' id='word_1_497' title='bbox 907 4759 958 4829; x_wconf 79' lang='lat'><strong>27.</strong></span> <span class='ocrx_word' id='word_1_498' title='bbox 973 4763 1240 4837; x_wconf 88' lang='lat' dir='ltr'><strong>habebatmenses</strong></span> <span class='ocrx_word' id='word_1_499' title='bbox 1253 4758 1278 4825; x_wconf 79' lang='lat'><strong>3</strong></span> <span class='ocrx_word' id='word_1_500' title='bbox 1292 4756 1394 4821; x_wconf 83' lang='lat' dir='ltr'><strong>ordine</strong></span> <span class='ocrx_word' id='word_1_501' title='bbox 1407 4749 1476 4816; x_wconf 84' lang='lat' dir='ltr'><strong>civil</strong></span> <span class='ocrx_word' id='word_1_502' title='bbox 1484 4762 1505 4828; x_wconf 84' lang='lat' dir='ltr'><strong>p</strong></span> 
     </span>
    </p>
   </div>
   <div class='ocr_carea' id='block_1_3' title="bbox 0 0 1562 5474">
    <p class='ocr_par' dir='ltr' id='par_1_5' title="bbox 0 0 1562 5474">
     <span class='ocr_line' id='line_1_52' title="bbox 0 0 1562 5474; baseline 0 0"><span class='ocrx_word' id='word_1_503' title='bbox 0 0 1562 5474; x_wconf 95' lang='lat' dir='ltr'><strong> </strong></span> 
     </span>
    </p>
   </div>
  </div>
 </body>
</html>
