3112 5474
210 241 275 312 364
479 278 492 295 J·
536 275 543 294 ·
711 261 1048 324 oosmuaaucuna
1080 278 1087 287 ’-

208 408 310 490 potius
326 409 365 471 ad
381 405 531 473 Calian.
545 407 664 471 initium
689 407 759 476 anni
775 407 877 471 civile:
901 407 986 489 atqui
1002 425 1062 470 non
1077 405 1273 468 intervallum
1296 426 1316 467 a
1331 404 1480 467 nativitate
1490 404 1522 466 di-

208 499 366 561 minuimus
382 498 512 572 octiduo,
528 504 721 571 numerantes
737 518 756 559 a
772 495 931 571 (taloan,
951 497 1006 558 sed
1022 503 1129 559 contra
1144 495 1348 557 interuallum¹
1361 495 1400 557 ab
1414 494 1525 557 incana·

207 589 290 650 tione
307 582 469 671 (quantum
484 585 513 649 id
529 587 721 649 tradiderunt
736 595 876 649 auctores
891 586 980 666 hujus
998 580 1103 665 aerae)
1126 602 1273 665 augemus
1292 584 1400 646 diebus
1416 583 1455 645 84
1469 583 1527 664 eique

208 684 297 740 aucto
313 695 421 739 nomen
436 696 496 738 nou
513 677 551 738 ab
566 676 774 738 incarnatione
791 676 845 738 sed
861 697 879 739 a
892 675 1058 738 nativitate
1074 674 1209 736 facimus.

294 767 351 828 His
375 764 510 827 omnibus
533 765 612 827 addc
634 765 761 847 septimo
785 773 817 827 et
837 765 926 839 illud,
950 763 1028 846 quod
1044 762 1185 828 Clemens
1200 760 1448 835 Alexandrinus,
1467 761 1531 824 Aua·

207 855 321 918 stacius
334 854 512 936 patriarcha
521 855 739 933 Antiochcnus,
756 852 922 934 Gregorius
932 852 1116 916 Turonensis
1132 859 1165 913 et
1180 852 1231 914 alii
1239 851 1385 933 Aprilem
1400 859 1532 913 numerent

206 945 331 1027 primum
340 944 496 1018 mensium,
507 943 672 1006 Octobrem
681 945 849 1025 septimum,
864 943 1063 1005 Decembrem
1073 960 1191 1016 nouum,
1205 940 1393 1004 Januarium
1404 941 1531 1014 decimum,

106 1060 110 1084 ι
206 1041 239 1095 et
260 1041 387 1115 propter
410 1033 657 1114 anticipationem
682 1033 795 1095 mensis
825 1032 938 1095 lunaris
966 1031 1167 1094 ecclesiastici
1198 1053 1218 1093 a
1241 1031 1376 1093 Judaeis
1406 1037 1534 1111 acceptau

205 1123 356 1185 interdum
370 1122 515 1184 Martium
528 1122 681 1203 primumi
692 1123 771 1183 unde
788 1120 937 1202 Gregorio
960 1121 1058 1188 eidem
1072 1120 1224 1183 interdum
1238 1121 1343 1182 Julius
1367 1127 1418 1181 est
1432 1120 1534 1202 quintos

206 1210 331 1274 Sidonio
356 1211 538 1274 Februarius
562 1211 768 1273 duodecimus:
798 1210 912 1273 Martio
934 1229 1006 1273 vero
1029 1220 1090 1273 non
1119 1217 1211 1272 natus
1237 1210 1293 1272 sed
1320 1218 1484 1289 conceptos
1501 1215 1534 1269 est

206 1299 356 1374 Christus,
373 1301 411 1363 ab
426 1301 635 1363 incarnatione
651 1301 743 1381 igitur
759 1319 825 1362 cum
840 1307 1007 1374 numerent,
1023 1297 1179 1363 Christum
1193 1307 1316 1379 ponunt
1331 1307 1438 1361 natum
1452 1298 1534 1359 dett.

205 1389 383 1452 Decembris
406 1389 476 1452 anui
498 1389 585 1471 primi
608 1391 645 1451 de
666 1390 725 1452 hac
757 1401 847 1451 aera:
881 1389 1118 1471 quod'omnibus
1140 1389 1351 1470 superioribus
1375 1386 1534 1469 argumenti

205 1478 366 1559 probatum
382 1487 438 1541 est

614 1620 743 1699 Quomodo
754 1645 872 1705 receptor
884 1651 1006 1688 moneor
1018 1598 1144 1711 calculos.

225 1781 228 1794 .
292 1745 415 1807 Detect
393 1752 434 1806 trs
450 1744 674 1819 occasionibus,
697 1745 804 1826 quibus
820 1765 915 1807 annus
930 1744 1070 1808 Julianus
1086 1743 1136 1808 46.
1159 1764 1213 1826 pro
1236 1765 1319 1807 anno
1336 1744 1534 1808 incarnationis

204 1842 237 1896 ct
251 1833 425 1903 nativitatis
441 1835 557 1895 electus
574 1835 630 1895 fuit
646 1842 678 1896 et
694 1834 794 1896 causis
810 1834 1074 1897 errorisconiutat
1053 1842 1107 1909 trs,
1129 1835 1202 1897 nihil
1219 1842 1325 1897 restat
1341 1835 1401 1898 nisi
1417 1844 1452 1897 ιιι
1466 1835 1533 1896 etim

128 1923 130 1935 '
202 1924 260 1986 hoc
276 1923 446 1996 videamus,
470 1942 519 2004 qur
511 1923 599 1985 fieri
614 1923 765 2003 potuerit,
785 1931 848 1985 utt
835 1929 918 1985 totus
935 1924 1075 1986 occidens
1091 1943 1146 2005 per
1161 1924 1243 1986 mille
1260 1945 1362 1986 annos
1379 1925 1419 1987 ad
1435 1943 1552 1986 nosos,

203 2032 277 2095 que
275 2006 354 2074 hunc
378 2030 533 2074 erroneum
555 2013 658 2093 potins
674 2011 822 2074 calculum
844 2021 1035 2094 sequeretur,
1057 2033 1147 2094 quam
1169 2013 1253 2075 illum
1268 2014 1402 2076 Patrum
1424 2020 1533 2076 veteru

202 2121 274 2165 vcro
290 2100 469 2183 propiorem.

292 2190 478 2253 Occasiones
493 2189 586 2270 igitur
600 2189 792 2270 recipiendae
809 2209 898 2252 aerae
915 2209 1058 2253 erroneae
1075 2191 1273 2271 explicandas
1285 2192 1461 2273 suscipiam
1481 2189 1531 2253 Pri·

197 2281 258 2347 mis
274 2280 377 2382 itaque
393 2278 576 2342 Christianis
593 2297 781 2381 nequaquam
799 2272 889 2341 erat
880 2301 911 2341 ru
925 2298 1007 2341 more
1023 2281 1164 2361 positum,
1180 2300 1342 2343 numerare
1359 2303 1379 2343 a
1395 2281 1532 2343 nativitate

202 2378 255 2431 aut
271 2369 333 2431 ab
325 2367 534 2430 incarnatione
550 2367 674 2431 Christi.
704 2369 784 2430 Nam
799 2388 849 2430 res
864 2375 980 2448 gestae,
995 2377 1031 2431 ut
1046 2369 1109 2431 dict
1096 2377 1159 2431 tum
1175 2377 1224 2431 est
1240 2372 1347 2450 capite
1364 2372 1465 2443 tertio,
1479 2388 1531 2430 cou-

96 2484 101 2491 ·
201 2457 341 2561 signandi
357 2457 505 2519 rationem
521 2439 677 2520 habebant
692 2458 783 2519 aliam
797 2477 852 2538 per
869 2478 965 2520 annos
980 2459 1194 2539 imperatorum
1210 2466 1244 2520 et
1258 2478 1317 2540 per
1335 2457 1426 2522 Coss
1440 2459 1531 2521 Rona-

202 2566 275 2622 uos3
293 2547 323 2607 in
339 2547 442 2608 liberis
456 2547 675 2627 rebuspubliois
691 2565 746 2635 per
760 2554 927 2626 praetores,
942 2565 998 2628 per
1012 2566 1166 2610 sacrorum
1184 2548 1365 2624 antistites3
1382 2550 1415 2611 in
1430 2549 1529 2630 quibus-

161 2661 163 2682 ι
201 2637 270 2698 dam
286 2636 449 2717 provinciis
472 2635 597 2698 orientis
618 2655 673 2716 per
695 2654 796 2697 aeram
812 2636 1051 2712 Antiochenam,
1074 2657 1150 2719 quae
1165 2638 1287 2699 videtur
1304 2658 1399 2701 aerae
1417 2636 1529 2701 Seleuci

201 2727 306 2788 darum
331 2726 393 2787 iere
417 2733 488 2787 tunc
514 2726 690 2806 antiquatae
720 2725 751 2786 in
781 2725 956 2806 quibusdam
985 2726 1108 2789 urbibus
1133 2727 1323 2789 successisse
1349 2726 1458 2809 estque
1480 2745 1530 2788 aera

200 2834 346 2878 annorum
359 2815 566 2897 Juliauorum3
582 2814 613 2875 iu
628 2816 772 2895 Aegypto
787 2833 843 2894 per
859 2834 955 2878 anuos
971 2816 1010 2878 ab
1027 2816 1129 2877 excisa
1146 2817 1241 2896 stirpe
1257 2817 1531 2879 Ptolemaeorumct

198 2905 344 2986 Aegypto
360 2904 390 2965 in
405 2897 580 2984 provinciae
596 2903 722 2965 sormam
737 2903 881 2979 redacta;
906 2924 955 2966 res
975 2923 1048 2966 vero
1064 2905 1313 2979 ecclesiasticae,
1329 2915 1365 2969 ut
1381 2915 1455 2968 sunt
1469 2923 1529 2967 mar-

199 2994 296 3075 tyria,
321 2994 436 3065 mortes
459 3000 512 3053 aut
536 2993 743 3054 successiones
766 2989 1075 3075 episcoporumapud
1092 2992 1229 3057 Graecos
1254 2994 1383 3076 quidem
1402 2991 1530 3077 usquead

199 3083 387 3144 millesimum
405 3101 515 3142 annum
530 3088 564 3143 ut
578 3081 737 3162 plurimum
752 3099 807 3161 per
823 3102 918 3145 annos
934 3105 952 3145 a
966 3084 1108 3164 passione
1124 3083 1248 3145 Domini
1269 3080 1379 3166 (quarn
1396 3101 1530 3167 perperam

198 3173 230 3233 in
255 3189 365 3233 anuum
392 3170 440 3232 15.
465 3170 577 3233 'liberii
602 3170 797 3250 conjecerunt
822 3167 928 3253 aliqui)
954 3179 1109 3234 curreutes
1136 3173 1348 3253 signabantur.
1395 3172 1530 3237 Passionis

200 3261 278 3322 enim
301 3279 397 3320 annus
414 3268 515 3321 certus
536 3259 612 3340 ipsis
633 3258 795 3322 videbatur
817 3268 848 3323 et
871 3262 1074 3336 indubitatus,
1096 3262 1204 3343 quippe
1227 3282 1318 3343 quern
1342 3265 1530 3345 consignatur

199 3368 267 3411 esse
284 3349 465 3410 statuebant
480 3368 559 3411 auno
578 3347 627 3411 15.
642 3349 771 3424 Tiberii,
781 3355 782 3359 ’
793 3350 830 3411 de
853 3371 931 3413 anuo
951 3369 1023 3412 vero
1040 3352 1213 3435 nativitatis
1228 3351 1382 3415 videbant
1398 3373 1457 3415 nou
1469 3354 1530 3414 inter

201 3457 305 3500 omnes
320 3439 500 3513 convenire;
517 3439 573 3500 nec'
589 3445 657 3500 erat
671 3438 698 3500 is
713 3440 850 3519 praecise
867 3440 1007 3502 definitus
1024 3441 1062 3502 ab
1076 3439 1280 3520 Evangelista
1294 3441 1397 3517 Luca,
1413 3443 1462 3522 qui
1475 3456 1530 3502 voce

198 3527 368 3589 latitudinis
393 3527 513 3589 circiter
528 3547 600 3589 usos
617 3534 679 3590 est:
697 3528 823 3610 denique
838 3530 960 3592 Marcus
977 3537 1009 3590 et
1017 3530 1152 3592 Joannes
1163 3530 1367 3611 Evangelium
1382 3552 1443 3594 nou
1457 3553 1474 3593 a
1487 3549 1527 3592 na·

198 3615 321 3679 tivitatc
345 3616 399 3678 scd
420 3637 438 3678 a
454 3617 606 3697 baptismo
621 3618 750 3679 Joauuis
767 3637 846 3680 anno
864 3619 913 3682 15.
928 3619 1041 3681 Tiberii
1057 3618 1156 3681 exorsi
1174 3627 1252 3681 suut
1297 3612 1474 3683 Maluerunt
1486 3617 1528 3698 igi·

198 3712 248 3767 tur
271 3726 290 3766 a
311 3724 434 3768 recessu
449 3705 571 3768 Domini
593 3713 625 3767 ct
648 3715 756 3768 exortu
776 3706 1019 3770 Christianitatis
1044 3727 1198 3770 numerum
1220 3728 1371 3774 annorum
1394 3711 1527 3778 deducere,

198 3812 287 3875 quam
303 3795 341 3856 ab
358 3794 421 3873 ejus
437 3795 468 3857 in
485 3814 605 3857 carnem
622 3796 762 3858 adventu.
807 3796 898 3878 Apud
913 3797 1086 3878 Aegyptios
1109 3798 1257 3860 maturius
1278 3798 1312 3860 iu
1332 3819 1421 3861 usum
1435 3794 1526 3878 recepi

197 3885 317 3948 ruamur
332 3884 403 3945 anui
412 3883 606 3958 Diocletiani,
623 3904 712 3966 quarn
728 3885 829 3948 dicunt
847 3905 949 3948 aeram
957 3888 1136 3968 Martyrum,
1154 3886 1238 3967 cujus
1254 3888 1372 3969 primus
1388 3909 1479 3951 annus
1492 3891 1526 3947 cst

195 3973 310 4039 usualis
335 3992 425 4034 aerae
447 3982 572 4035 nostrae
593 3973 665 4036 285.
682 3974 829 4055 usquead
846 3974 1053 4056 resumsit.
1098 3976 1190 4057 Apud
1211 3977 1346 4040 Latinos
1367 3998 1440 4040 vero
1461 3974 1525 4038 etin

196 4069 264 4123 toto
279 4062 490 4142 patriarchatu
507 4063 674 4125 occidentis
690 4063 871 4146 aliquamdiu
894 4071 965 4127 sunt
986 4066 1032 4126 usi
1053 4065 1141 4127 aunis
1156 4066 1397 4130 Diocletianeis:
1419 4087 1474 4139 uon
1490 4065 1523 4125 io·

198 4151 287 4213 terim
303 4151 488 4214 desistentes
504 4171 662 4215 numerare
679 4175 697 4215 a
710 4154 853 4233 passione
868 4154 990 4216 Domini
1006 4174 1100 4237 usquc
1116 4154 1155 4217 ad
1171 4154 1277 4217 Bedae
1292 4163 1443 4239 tempora.
1481 4151 1523 4217 ui·

197 4240 284 4323 spani
307 4241 400 4302 etiam
422 4260 495 4304 aera
520 4249 591 4304 sunt
611 4241 657 4303 usi
677 4243 838 4322 peculiari,
859 4263 950 4325 quam
971 4243 1040 4305 vide
1064 4244 1143 4324 apud
1165 4243 1368 4324 Scaligerum.
1412 4243 1522 4309 Tandeu

194 4338 266 4410 post
288 4330 559 4410 quingentesimum
575 4350 684 4393 anuum
701 4331 815 4395 Christi
837 4333 917 4401 ratio
938 4333 1114 4395 numerandi
1137 4355 1156 4396 a
1172 4334 1341 4398 nativitate
1358 4333 1469 4399 Christi
1482 4332 1521 4394 ob

195 4418 294 4494 tinuit,
311 4419 390 4500 apud
405 4419 534 4483 Latinos
549 4420 746 4502 potissimum.

282 4509 401 4570 Primus
417 4509 548 4588 quidem,
565 4509 644 4591 quod
660 4510 768 4584 sciam,
782 4509 933 4574 Eusebius
948 4510 1148 4591 chronologus
1165 4530 1262 4575 annos
1281 4512 1400 4577 Christi
1415 4507 1518 4575 nabdi·

195 4598 315 4675 gessit
305 4615 336 4659 rn
353 4616 468 4661 canone
486 4618 555 4672 suo,
579 4606 614 4660 ut
637 4617 728 4679 supra
750 4557 877 4673 dictum,
901 4620 979 4662 anno
996 4598 1112 4662 Christi
1128 4595 1207 4675 327,
1232 4620 1323 4681 quern
1344 4603 1516 4681 Hieronymus

193 4684 313 4747 Latinis
338 4687 436 4749 literis
453 4688 548 4749 edidit
570 4707 624 4749 con
627 4687 814 4769 tinuavitque
839 4690 878 4751 ad
895 4709 1004 4752 annum
1020 4685 1100 4764 379,
1122 4691 1255 4770 Prosper
1271 4680 1515 4784 Hieronymnnal

196 4792 306 4836 annum
321 4772 395 4837 446.
425 4776 476 4839 Ab
485 4777 533 4839 his
548 4777 647 4858 prima
661 4785 733 4840 sunt
743 4777 831 4857 jacta
847 4779 1043 4842 fundamenta
1058 4779 1223 4860 recipiendi
1238 4774 1336 4845 moris
1351 4772 1512 4845 numerandi·
