3144 5474
554 270 623 323 son
634 271 815 338 samaraeus
1294 256 1354 323 197

21 418 60 482 la
72 416 170 497 paulo
194 423 268 480 anto
285 415 414 489 obitum,
437 414 513 481 duos
528 433 607 499 auno
629 413 680 478 41.
697 414 870 491 damnatos,
891 414 960 479 illos
976 413 1156 493 Saturnino,
1177 417 1256 482 hune
1271 420 1356 484 Varo

22 505 117 588 Syriae
133 505 289 587 praeside.
315 504 438 583 Christo
452 523 525 568 vero
541 510 614 566 nato
630 510 764 572 testatur
772 507 950 571 Matthaeus
960 505 1088 577 bimulos
1105 507 1229 570 occisos.
1254 509 1356 572 Natus

22 597 100 676 igitar
116 593 263 659 Christus
286 594 367 681 circa
386 592 494 657 40141
509 592 735 656 ALJulianum
772 592 807 657 Si
822 595 922 670 dicas,
945 614 1018 657 vera
1034 595 1146 659 dixisse
1164 597 1356 673 Macrobiurn,

24 686 80 747 ium
96 685 235 770 infantm
250 703 318 747 oum
331 682 464 745 Herodis
479 682 549 744 tiliis
579 701 686 745 caesos
702 684 843 759 affirmat,
859 683 913 747 sed
930 702 1031 748 errare
1046 684 1213 765 Josephum
1225 687 1259 756 in
1274 694 1355 749 tam-

22 793 81 855 pore
96 774 257 855 utriusque
273 773 361 847 facti:
384 771 552 853 perpende,
575 791 664 852 quam
677 772 755 836 hacc
769 773 862 836 facile·
874 772 1014 853 redargui
1029 774 1186 854 potuerint
1201 796 1219 837 a
1235 776 1355 840 familiis

22 863 194 946 praesidum,
210 881 335 944 quorum
347 861 461 925 mantio
477 859 666 923 immiscetur.
1444 860 1446 865 ’

95 953 154 1015 IX
185 953 252 1015 Nec
267 951 366 1014 nullos
389 970 427 1012 ex
447 949 601 1014 veteribus
623 949 739 1012 inuenit
761 948 909 1030 Suslyga,
930 951 1011 1014 hunc
1034 951 1162 1023 eundem
1183 953 1355 1017 nativitatis

24 1041 128 1107 Christi
145 1060 258 1104 annum
274 1040 448 1114 tradentes,
469 1040 566 1120 iisque
580 1039 808 1103 characteribus
828 1040 941 1121 partim
955 1038 1109 1103 historicis
1124 1041 1237 1123 partim
1253 1049 1355 1116 astro-

22 1131 136 1194 nomicis
152 1130 362 1212 insignientes,
378 1148 452 1211 quos
468 1148 527 1191 non
541 1135 647 1210 potest
662 1129 747 1203 alins,
763 1146 852 1209 quam
865 1128 1006 1194 Julianus
1021 1128 1072 1191 40.
1087 1149 1143 1210 pro
1160 1132 1356 1213 conceptione

22 1221 139 1283 loannis
153 1220 318 1301 Baptistae
341 1226 374 1281 et
387 1218 439 1281 41.
458 1217 698 1299 pronativitate
715 1216 830 1282 Christi
852 1217 1014 1300 suscipere.
1052 1215 1138 1289 Quae
1160 1220 1260 1283 omnia
1278 1221 1357 1296 vide,

24 1311 172 1391 siplacet,
195 1309 346 1390 copiosius
361 1308 442 1390 apud
458 1313 619 1370 auctorem
653 1304 729 1370 Mihi
745 1306 824 1370 enim
839 1326 876 1370 ea
891 1308 987 1371 solum
1003 1317 1182 1388 argumenta
1196 1309 1294 1372 visum
1308 1317 1358 1372 est

23 1399 195 1480 producere,
217 1418 295 1480 quae
316 1397 366 1460 141
388 1395 557 1462 confirmari
578 1396 627 1457 vel
640 1397 739 1465 ,aliter
759 1396 914 1459 informari
936 1397 985 1459 vel
1008 1397 1047 1458 ad
1068 1416 1167 1460 meum
1181 1399 1357 1461 institutum
1437 1454 1440 1457 ,

26 1488 133 1551 traduci
148 1495 294 1570 potuere,
316 1487 366 1569 qui
382 1488 464 1549 nulla
484 1485 688 1549 haesitatione
712 1486 874 1548 contendo:
898 1486 1051 1548 Herodem
1072 1507 1151 1550 anno
1166 1487 1288 1550 ,Iuliano
1304 1488 1356 1549 42.

26 1585 178 1652 nortuum,
201 1596 281 1639 anno
302 1595 361 1638 uno
378 1576 481 1648 citius,
504 1594 593 1656 quam
608 1573 742 1656 Suslyga
763 1575 853 1637 dixit:
883 1575 965 1638 unda
985 1584 1018 1638 et
1039 1577 1135 1639 aetati
1159 1575 1274 1639 Christi
1295 1595 1356 1640 non

26 1666 131 1730 levibns
154 1666 339 1747 conjecturis
360 1666 440 1755 apud
463 1664 627 1746 Suslygam
648 1664 746 1727 adhuc
767 1683 844 1726 unus
869 1664 976 1727 deesse
998 1664 1124 1729 videtur.
1164 1664 1357 1729 Sententiam

25 1775 110 1818 neam
134 1756 235 1819 dicere
253 1754 349 1832 volui3
374 1754 399 1818 si
422 1754 488 1837 quis
502 1773 551 1817 ma
574 1753 807 1834 deprehenderit
828 1761 993 1829 errantem,
1015 1754 1093 1817 hunc
1109 1755 1303 1831 obsecranti
1318 1774 1356 1820 ne

26 1864 64 1907 ne
77 1844 165 1921 celet,
181 1851 317 1927 rogatus,
332 1843 380 1909 cui
395 1862 527 1925 agonen
542 1849 668 1924 rogatus
682 1843 854 1906 haecultro
871 1861 1007 1922 suggero.
1115 1893 1117 1895 .

468 2036 615 2113 Summa
641 2038 903 2138 disputationis.
988 2079 992 2081 2

52 2249 58 2253 -
99 2201 197 2263 Mens
211 2200 444 2280 Evangelistae:
477 2196 559 2276 Αὕτη
580 2192 597 2276 ἡ
618 2196 777 2280 ἀπογραφη
800 2220 902 2281 repon]
923 2222 976 2279 pas
999 2198 1111 2281 ἐγενετο
1133 2203 1281 2278 chpscco
1306 2223 1367 2280 aare
1388 2197 1392 2205 ‘
1416 2212 1421 2221 “

25 2293 124 2370 Sapua
138 2284 376 2370 ἡγεμωινοπος,
392 2285 455 2352 ἀλλ’
466 2285 519 2351 oia
533 2286 661 2367 tamea
676 2291 876 2353 droselascdou
891 2311 967 2363 acts,
983 2284 1357 2354 &comessatorem

25 2377 71 2451 ἕως
83 2402 136 2442 ων
151 2381 354 2461 {marpessas
368 2375 608 2460 iyeposammc:
629 2399 697 2440 cors
717 2383 752 2456 dp
767 2403 815 2444 και
831 2378 1041 2458 circumsecare
1057 2383 1113 2450 (sic)
1128 2374 1174 2441 id
1195 2376 1355 2460 Αὖγονςον,

25 2474 241 2551 moazaellis.
267 2470 357 2532 Anno
367 2469 469 2550 itaque
483 2466 671 2543 41.Jnliano‚
686 2468 948 2548 AugustoXILet
955 2467 1095 2533 Cornelio
1104 2467 1191 2550 Sylla
1201 2468 1288 2533 Coss.
1305 2469 1355 2552 qui

26 2565 84 2622 orat
95 2558 148 2622 40.
163 2579 183 2621 a
199 2558 293 2621 caede
303 2556 498 2631 &Caesaris
514 2564 546 2619 et
559 2556 645 2619 initio
663 2556 825 2620 Octaviani
840 2558 983 2640 Augusti,
999 2553 1050 2621 2⁷.
1067 2579 1085 2618 a
1101 2575 1203 2638 pugna
1215 2558 1356 2633 Actiaca,

27 2649 99 2728 cujas
115 2655 237 2711 aestate
252 2647 321 2710 iniit
336 2666 431 2710 annus
453 2646 507 2708 IV.
524 2645 714 2727 Olympiadis
737 2643 883 2723 cxcffl,
907 2647 1014 2711 Sentio
1031 2645 1195 2709 Saturnino
1215 2646 1355 2728 praeside

27 2737 141 2819 Syriae,
162 2737 213 2819 qni
229 2755 351 2800 censum
365 2735 495 2799 Romani
517 2734 599 2797 orbis
620 2735 836 2811 universalem,
857 2736 990 2818 Augusti
1001 2736 1089 2816 jussu
1105 2735 1144 2798 ab
1161 2744 1355 2799 antecessore
1405 2759 1409 2765 ·

27 2825 152 2898 Quirinio
172 2826 350 2890 institutum
360 2825 533 2907 pridemque
549 2824 724 2907 inceptum,
741 2826 796 2888 sed
819 2833 928 2907 postea
957 2825 1175 2899 intermissum,
1204 2833 1277 2887 tunc
1300 2843 1355 2906 par

25 2917 162 2980 iudaeam
184 2924 218 2978 et
233 2914 405 2982 Galilaeam
423 2914 608 2997 peragebat,
637 2933 717 2977 anno
732 2913 789 2979 36.·
798 2915 915 2996 imperii
928 2915 1060 2979 Herodis
1082 2936 1101 2976 a
1120 2914 1356 2990 renunciatione,

26 3005 68 3069 ³3.
82 3028 100 3068 a
116 3005 216 3087 captis
229 3004 430 3086 ,ierosolymis
447 3024 500 3067 seu
515 3002 691 3066 6.Januarii
714 3024 767 3068 seu
785 3004 834 3069 19.
842 3004 962 3086 Aprilis
983 3023 1036 3069 seu
1053 3003 1103 3069 19.
1112 3004 1189 3084 Maii
1204 3023 1257 3067 seu
1273 3001 1354 3085 Sep-

26 3097 123 3158 tembri
138 3095 204 3158 sive
221 3095 347 3176 denique
358 3093 408 3156 25.
417 3092 604 3168 Decembris,
619 3102 764 3175 sequente
777 3094 828 3157 141
843 3094 1058 3163 antecedente:
1081 3101 1172 3156 natus
1188 3090 1355 3158 441011114-

27 3193 66 3247 tos
79 3186 110 3248 in
126 3185 239 3266 oppido
252 3179 450 3267 Bethlehem,
473 3180 616 3263 adquam
629 3183 710 3246 intra
725 3182 987 3265 quadragesimum
1010 3183 1088 3245 diem
1103 3189 1252 3246 venerunt
1266 3184 1356 3263 magi

26 3294 82 3337 cum
95 3275 189 3337 stella
204 3279 278 3336 ante
294 3291 404 3336 amum
417 3272 632 3335 velbiennium
646 3273 726 3347 fere,
748 3292 826 3339 auno
843 3293 884 3336 sc.
900 3272 951 3336 39.
966 3272 1016 3335 vel
1032 3272 1083 3336 40.
1098 3273 1129 3334 in
1145 3272 1355 3353 conjunctione

26 3383 126 3445 magna
141 3363 315 3427 effulsisset.
348 3362 433 3443 Magi
450 3359 572 3425 Obristo
593 3361 720 3425 adorato
735 3363 786 3427 ubi
801 3381 861 3425 non
876 3362 991 3426 reversi
1013 3363 1053 3424 ad
1067 3363 1220 3425 Herodem
1236 3363 1356 3425 domurn
1405 3405 1408 3415 .

25 3454 75 3517 alia
93 3454 146 3516 ria
167 3459 383 3533 perrexerunt:
414 3449 555 3521 Christus
576 3451 676 3513 infans
696 3451 849 3514 bimestris
865 3451 1043 3534 deportatus
1059 3459 1108 3514 est
1126 3453 1157 3514 in
1171 3451 1356 3534 Aegyptum.
1459 3500 1460 3508 .

26 3544 242 3606 Herodes-vero
258 3541 447 3623 paulopost,
470 3539 728 3604 crebrescentibus
744 3541 911 3604 minoribus
934 3542 971 3605 de
987 3549 1060 3603 nato
1076 3561 1154 3604 novo
1170 3560 1258 3623 rege,
1281 3561 1356 3604 con·
1422 3606 1430 3615 ,
1446 3536 1450 3547 ’

26 3631 259 3714 spirantibusque
281 3630 339 3692 hac
360 3628 556 3710 persuasione
577 3629 747 3710 pharisaeis
769 3649 835 3692 cum
856 3631 938 3712 regis
961 3630 1150 3706 domesticis,
1178 3631 1358 3711 conquisivit

25 3722 147 3785 mantes
162 3721 244 3783 inira
264 3719 409 3782 bimatum
428 3719 460 3781 in
475 3718 628 3782 territorio
649 3719 902 3783 Bethlehemitico
926 3739 1036 3802 eosque
1051 3719 1218 3801 ju'golavit,
1241 3728 1274 3782 et
1289 3720 1356 3800 qui-

25 3805 83 3875 dun
102 3812 146 3886 (si
163 3809 306 3875 Christus
329 3808 357 3872 6.
374 3808 443 3871 Jan.
466 3827 547 3870 anno
560 3807 613 3870 41.
634 3809 683 3872 141
705 3808 933 3872 consessori
956 3829 1034 3872 anno
1049 3809 1101 3873 40.
1121 3802 1227 3890 natus)
1251 3809 1357 3871 eodem

26 3901 158 3964 fortassis
179 3907 317 3980 tempore
338 3897 547 3962 Alexandrum
569 3905 601 3960 41
621 3897 832 3962 Aristobnlum
861 3918 931 3962 suos
954 3918 993 3962 ex
1012 3899 1179 3962 Mariamne
1200 3899 1357 3961 Acmonea

26 3990 92 4053 lbos
113 3989 257 4071 adJ'unxit
276 3987 443 4063 infantibus
459 3988 596 4063 comites,
621 3988 700 4069 quod
720 3987 893 4052 Macrobius
907 3989 1014 4053 innuit
1048 3989 1119 4051 ‘Vel
1134 3987 1357 4069 perpetraverit

25 4079 152 4142 Herodes
167 4080 227 4144 boc
241 4078 370 4141 immane
392 4076 508 4140 facinus
529 4077 564 4139 in
581 4096 692 4159 pueros
706 4077 885 4142 innocentes
905 4079 1083 4160 paulopost
1103 4083 1206 4139 necem
1220 4077 1356 4152 filiorum,

29 4169 133 4249 qnando
151 4169 189 4230 de
205 4166 382 4249 quibusdam
402 4166 572 4247 pharisaeis
593 4187 673 4230 nova
688 4167 815 4231 consilia
836 4168 1024 4250 agitantibus
1040 4167 1217 4252 supplicium
1240 4167 1355 4230 sumsit
1424 4209 1429 4219 -
1496 4139 1504 4156 ¹

29 4256 240 4321 inlauticidium
254 4257 312 4320 hoc
326 4257 376 4320 141
392 4255 492 4318 studio
501 4255 706 4320 Romanorum
719 4257 830 4333 velare,
845 4258 893 4321 vel
902 4258 1058 4325 licentiam
1068 4256 1235 4338 apraeside
1247 4255 1356 4338 Syriae

33 4356 74 4408 sut
86 4347 124 4411 ab
138 4347 207 4428 ipsc
222 4347 365 4426 Angusto
386 4346 550 4427 impetrare
568 4347 668 4427 potuit
691 4348 748 4409 hoc
768 4353 946 4428 praetextu,
970 4346 1216 4427 quodoraculum
1232 4346 1269 4407 de
1284 4363 1357 4426 rega

36 4434 201 4499 ludaeorum
220 4436 329 4516 ntique'
339 4453 450 4497 vanum
471 4435 589 4515 quidem
605 4436 662 4510 sit,
684 4455 742 4498 non
758 4443 862 4499 tamen
877 4434 1172 4499 contemnendumin
1186 4434 1283 4515 vulgo·
1292 4441 1358 4496 tam

39 4525 135 4600 nobili,
156 4524 188 4587 in
201 4523 357 4606 provincia
372 4524 543 4599 limitanea,
564 4532 629 4587 tam
650 4525 735 4587 firma
749 4526 932 4609 ,ludaeorum
952 4524 1163 4606 persuasione,
1177 4531 1213 4586 ut
1233 4542 1366 4605 quomm‘

15 4676 18 4695 ι
43 4611 186 4676 lectissimi
201 4632 261 4676 non
275 4620 465 4690 vererentur,
486 4613 544 4676 hoc
560 4614 711 4677 oraculum
730 4616 795 4696 regi
815 4615 873 4697 ipsi
895 4615 1030 4678 revelare
1036 4632 1045 4689 ;
1069 4619 1159 4676 tanta
1181 4615 1285 4675 secta'e
1306 4614 1357 4676 141

15 4702 22 4778 ξ,
46 4698 101 4778 ipsis
120 4702 240 4784 regibus
261 4702 474 4766 formidolosae
496 4702 681 4767 auctoritate
702 4705 781 4785 apud
796 4705 920 4784 vulgus,
944 4711 1031 4767 tanto
1048 4721 1196 4766 consensu
1212 4708 1357 4765 externae

15 4779 22 4880 ξ
47 4787 124 4855 hune
145 4811 199 4875 per
223 4791 369 4886 orientem
393 4812 460 4857 cum
483 4793 667 4869 domestica,
681 4794 758 4876 scre
781 4800 816 4859 sc
838 4785 1144 4878 omerscheim,
1176 4800 1206 4856 41
1224 4793 1360 4878 projecti

15 5167 19 5216 l
