3112 5474
593 250 756 324 ΡΜ
1285 254 1359 323 rsa
1416 361 1417 365 Ν

41 411 134 490 eptas
154 432 248 477 cavea
270 420 426 494 spectare,
448 414 620 495 cognitione
637 415 768 477 siderum
783 415 953 479 nobilitatis
981 436 1036 497 per
1063 418 1214 498 integrum
1240 435 1352 481 annum

40 497 213 581 ubibuerat):
245 524 271 565 ιι
265 504 367 566 banc
382 501 502 585 inquam
519 505 686 583 secularem
708 505 919 568 celebritatem
934 523 991 585 ego
1014 506 1196 588 repetitione
1216 514 1250 570 et
1264 525 1350 570 ema-

38 590 152 654 ulatione
168 590 413 656 Christianorum
427 612 518 662 aerae
534 594 629 657 totius
645 594 815 658 occidentis
829 614 886 658 usn
902 596 1097 711 confirmatas
1112 597 1202 677 paulo
1218 597 1350 677 diligen-

35 678 76 742 tus
87 691 266 745 exornarem
591 713 593 720 v

94 769 219 834 Occasio
241 790 330 846 vero,
352 789 429 851 quae
445 790 493 834 me
508 772 667 848 invitavit,
689 781 725 836 ut
747 792 817 835 uovr
808 772 903 854 qnid
927 773 964 835 de
981 763 1188 837 numeratione
1204 791 1351 838 annorum

29 868 103 923 monte
118 861 316 942 conciperem,
331 860 388 923 fuit
404 861 473 923 ista
504 860 581 926 (lum
595 862 626 924 in
636 861 773 943 Styriam
788 863 939 925 venissem
955 862 1084 925 durante
1100 864 1200 939 stella,
1216 863 1351 927 libellum

28 951 99 1030 reperi
121 951 262 1014 venalem
288 949 408 1013 Gractii
432 970 591 1026 excusum,
621 970 731 1014 nomen
756 952 890 1017 auctoris
916 960 983 1014 erat
1007 952 1191 1017 Laurentius
1217 951 1351 1034 Suslyga

28 1040 132 1102 folonus
147 1039 273 1122 ejusque
286 1039 444 1103 Praesidis
458 1042 595 1104 Joannes
609 1041 779 1104 Declrerius
804 1040 836 1103 S.
851 1041 880 1104 J.
896 1041 1072 1122 theologus,
1095 1063 1152 1124 qno
1175 1043 1276 1106 libello
1293 1061 1349 1104 ex-

28 1129 191 1192 >icebantur
205 1137 394 1210 argumenta,
408 1131 515 1210 quibus
531 1131 753 1212 conficiebatur,
770 1129 926 1194 Christum
941 1151 1001 1192 nou
1016 1151 1076 1193 uno
1087 1132 1151 1195 solo
1167 1151 1224 1194 nec
1233 1131 1350 1195 dnobus

28 1228 118 1281 ¹autum
133 1220 233 1295 aunis,
254 1227 289 1281 ιι
305 1218 462 1299 Scaligero
484 1220 590 1294 visum,
612 1226 684 1282 ante
701 1219 878 1302 principium
901 1239 991 1282 aerae
1007 1229 1137 1283 nostrae*
1151 1228 1256 1284 natum
1272 1239 1356 1295 esse,

28 1308 58 1369 ed
70 1315 201 1389 quatuor
217 1308 322 1381 solidis
338 1309 435 1370 annis.
473 1306 559 1378 Quae
582 1318 761 1389 argumenta
777 1328 843 1372 cum
859 1328 915 1390 ego
939 1329 978 1371 ex
994 1311 1056 1372 suis
1073 1309 1277 1375 fundamentis
1293 1329 1350 1373 ex-

28 1399 197 1462 rninassem:
219 1418 295 1461 vera
318 1398 438 1460 omnino
458 1399 569 1479 reperi,
593 1400 670 1461 adeo
693 1398 828 1480 quidem,
851 1406 885 1460 ιι
907 1400 999 1461 etiam
1021 1400 1059 1461 ad
1083 1400 1219 1480 quintum
1240 1419 1350 1462 annum

28 1488 52 1549 is
62 1487 181 1550 illorum
195 1487 412 1568 porrigeretur.
444 1485 531 1558 Quae
547 1496 634 1550 tanto
650 1488 760 1550 fortius
776 1488 907 1552 animum
916 1507 1014 1551 meum
1025 1496 1220 1569 occuparunt,
1235 1496 1350 1570 quanto

28 1576 94 1656 ujor
109 1584 142 1638 et
159 1577 315 1639 sublimior
330 1595 385 1657 per
399 1577 478 1640 hauc
495 1578 679 1641 sententiam
699 1578 784 1658 eique
801 1577 935 1640 innixam
950 1578 1163 1657 cognationem
1178 1597 1244 1642 cum
1261 1579 1353 1641 stella

28 1667 158 1745 llagorum
174 1666 275 1728 evasit
290 1666 507 1748 contemplatio
523 1667 594 1729 novi
610 1667 726 1729 sideris.
1085 1708 1086 1711 =

86 1756 195 1836 ltaque
210 1773 272 1818 non
287 1752 352 1818 tam
367 1756 554 1819 necessitate
570 1774 657 1818 meae
672 1755 835 1831 materiae,
858 1774 947 1836 qnam
961 1755 1112 1837 peculiari
1123 1756 1255 1837 quodam.
1267 1754 1349 1819 veri-

28 1843 76 1905 atis
91 1845 193 1926 studio
208 1845 366 1925 impulsus,
380 1845 412 1908 id
429 1864 540 1926 operae
555 1845 628 1908 mihi
645 1846 776 1908 dandum
790 1845 910 1925 putavi,
930 1853 965 1907 ut
981 1845 1135 1909 sententia
1156 1864 1212 1926 per
1228 1864 1260 1907 se
1277 1864 1351 1908 vera

28 1940 46 1993 1
56 1941 134 1996 certa
150 1935 250 2003 etiam
260 1953 315 2015 per
330 1954 377 1998 me
393 1935 608 1998 innotesceret
654 1933 726 1996 Vidi
743 1952 871 2015 namque
886 1935 982 1997 multa
997 1934 1269 2008 obstareauctcri,
1291 1953 1355 2015 quo

28 2021 98 2085 uiuos
112 2024 163 2086 ille
179 2043 276 2104 genus
291 2025 453 2086 humanum
471 2024 503 2086 in
518 2044 589 2087 suas
604 2030 710 2104 partes
725 2025 928 2104 pertraheret,
944 2023 1002 2087 uisi
1017 2024 1136 2105 publice
1146 2023 1349 2104 adjuvaretur.

28 2111 57 2171 lx
68 2131 122 2174 oua
136 2132 266 2195 namque
281 2122 370 2193 parte
386 2112 627 2177 Christianorum
642 2113 805 2177 officiebat·
817 2112 861 2178 illi
884 2113 1058 2176 auctoritas
1073 2132 1250 2194 magnorum
1265 2112 1349 2179 vire

28 2218 85 2275 ron,
105 2202 154 2283 qui
169 2221 293 2266 causam
313 2204 393 2265 banc
415 2221 510 2290 nuper
532 2203 693 2272 admodum
714 2202 1013 2283 praejudicaverant:
1039 2222 1077 2265 ex
1100 2203 1199 2267 altera
1217 2202 1350 2283 partium

28 2307 79 2368 ιιιι
102 2291 237 2372 sequitur
261 2291 439 2371 despectus,
464 2291 514 2372 qni
537 2292 683 2372 plurimos
708 2292 859 2354 fascinare
885 2293 982 2366 solet,
1006 2299 1112 2355 utres
1133 2292 1229 2362 otiam
1253 2292 1350 2356 bonas
1421 2342 1423 2347 s

28 2388 124 2459 propter
140 2380 242 2442 odium
257 2392 407 2461 personae
430 2382 591 2461 repudient
606 2389 638 2443 et
653 2380 808 2461 abjiciant.
832 2415 834 2420 ·
853 2381 991 2462 Denique
1016 2391 1049 2444 et
1063 2400 1160 2462 genus
1176 2381 1350 2463 scriptionis

28 2467 71 2529 tale
86 2477 139 2543 est,
155 2477 190 2531 nt
206 2469 236 2531 in
253 2487 415 2549 paucorum
432 2489 592 2552 corumque
603 2471 666 2533 fere
674 2469 957 2541 mathematicorum
965 2478 1072 2533 manus
1082 2469 1223 2535 devenire
1241 2471 1350 2545 soleat,

28 2565 168 2621 ceterarum
184 2559 405 2639 professionum
427 2560 563 2623 homines
587 2560 761 2642 plerumque
784 2560 899 2623 lateat:
925 2568 957 2622 et
976 2560 1098 2624 novitas
1120 2560 1188 2640 ipsa
1204 2559 1349 2623 remorari

28 2644 82 2708 solet
103 2667 260 2710 assensum
283 2647 474 2730 solitudoque
504 2649 653 2723 auctoris;
685 2648 847 2712 dificulter
868 2650 1020 2712 hominnm
1045 2649 1153 2712 animis
1178 2648 1349 2713 evelluntur

28 2743 137 2811 uututa
158 2738 381 2819 multorumque
395 2757 545 2801 consensu
567 2738 715 2805 stabilita.
761 2735 878 2809 Quodsi
901 2737 1087 2803 sententiam
1108 2738 1187 2801 banc
1202 2739 1233 2800 in
1249 2756 1349 2799 meum

28 2822 134 2893 ibellum,
152 2827 190 2889 de
207 2827 299 2890 stella
314 2846 394 2891 nova
411 2828 702 2909 transscripsissem:
726 2827 784 2890 bac
801 2826 919 2895 ratione
943 2828 1175 2892 communiorem
1192 2826 1276 2890 illam
1299 2845 1347 2890 ms

28 2909 146 2983 ιιιιιιιι
168 2917 307 2998 speravi;
332 2917 411 2997 qnod
432 2917 561 2979 materia
583 2918 620 2979 de
643 2936 721 2979 novo
744 2916 843 2980 sidere
868 2917 988 2980 curiosa
1010 2924 1059 2979 est
1080 2916 1347 2999 inquomultorum

28 3018 104 3068 bouus
118 3013 250 3070 ventura
267 3012 452 3077 censeretur.

86 3095 173 3158 Hanc
188 3094 495 3176 igiturappendicem
511 3095 908 3163 cuminvenissetllbslinns
925 3095 1120 3158 adversarius
1135 3113 1229 3170 meus,
1245 3101 1348 3157 esset-

28 3198 61 3258 ιιι
73 3191 103 3244 et
117 3183 183 3264 ipse
193 3184 261 3265 jam
276 3206 295 3247 a
311 3184 413 3247 multis
429 3185 517 3247 annis
533 3184 654 3265 privato
671 3186 771 3248 studio
789 3185 998 3265 chronologus,
1012 3185 1140 3264 primum
1154 3184 1185 3246 in
1200 3185 1277 3248 libro
1294 3203 1349 3248 suo

28 3268 195 3347 leOometa,
219 3293 277 3355 quo
300 3274 338 3336 de
362 3292 473 3354 supra,
496 3274 605 3343 deinde
629 3294 708 3338 anno
727 3274 812 3337 1610
833 3272 940 3337 inalio
963 3274 1065 3345 lib'ello
1089 3273 1126 3336 de
1141 3274 1348 3354 Navigatione

28 3362 223 3439 eptentrionis,
246 3364 338 3425 tertio
356 3382 435 3425 anno
453 3362 535 3425 1611
553 3364 591 3427 in
600 3364 729 3445 pagellis
746 3365 909 3429 de-ead‘em
923 3364 1054 3427 materia
1076 3370 1109 3426 et
1124 3363 1252 3445 denique
1268 3383 1348 3427 anno

28 3445 84 3512 1612
105 3452 135 3512 in
157 3451 260 3514 libello
277 3452 402 3521 fatidico
426 3452 466 3514 ad
481 3453 556 3532 Imp.
577 3452 667 3519 Caes.
687 3453 853 3522 Matthiam
876 3453 987 3529 edixit,
1010 3473 1043 3515 se
1065 3453 1250 3516 sententiam
1260 3453 1348 3516 illam

28 3554 95 3615 nam
109 3541 146 3603 de
162 3561 242 3603 anno
260 3539 376 3604 Christi
398 3541 541 3604 natalitio
563 3550 598 3603 nt
619 3562 725 3604 avero
742 3542 959 3604 alienissimam
978 3543 1144 3607 refutatum
1165 3543 1223 3606 ire:
1248 3536 1359 3624 quodss.

28 3644 60 3704 pe
72 3629 209 3692 edixerat
229 3631 370 3694 nundinis
394 3631 617 3699 autumnalibus
633 3631 704 3694 anni
726 3630 827 3705 1612,
848 3638 994 3712 quantum
1009 3632 1127 3706 labore,
1150 3631 1251 3695 studio
1274 3631 1345 3695 dili·

28 3718 158 3799 gentiaque
175 3719 250 3780 eniti
265 3720 374 3800 potuit,
389 3719 555 3799 praestitit,
571 3720 657 3783 edito*
668 3720 772 3786 libello
789 3719 982 3795 Germanico,
998 3740 1056 3802 qno
1071 3721 1099 3790 si
1114 3740 1174 3784 non
1189 3720 1267 3795 aliis,
1288 3721 1346 3785 sibi

28 3814 81 3868 :erte
95 3808 248 3870 satisfecit
263 3809 395 3890 egregie.
440 3806 565 3882 Quodsi,
589 3829 666 3890 quae
683 3817 792 3873 contra
806 3829 853 3872 me
869 3810 1038 3890 depromsit
1053 3809 1246 3873 adversarius
1262 3809 1345 3884 dicto

28 3890 106 3971 ibello,
122 3897 264 3960 veritatis
281 3898 415 3978 speciem
429 3897 621 3963 habuissent.
615 3919 622 3933 ·
595 3906 707 3963 tnon
723 3906 842 3965 tantum
857 3898 931 3962 nihil
948 3918 1005 3980 ego
1021 3898 1274 3974 contradicturus,
1290 3899 1346 3963 sed

28 3982 88 4047 tiam
103 3987 183 4049 ultro
199 3987 298 4066 ipsum
311 3987 432 4068 publice
448 3987 572 4054 fuissem
588 3965 755 4068 adjutums.
785 3989 832 4053 At
846 4006 924 4056 nunc
940 3997 1049 4053 contra
1064 3987 1191 4062 accidit3
1207 3983 1345 4057 omnibns

28 4072 77 4134 uin
91 4076 184 4157 copiis
194 4076 360 4140 veritatem
367 4076 648 4145 manifestissimam
664 4078 852 4159 oppugnavit
860 4096 979 4158 pugnae
987 4096 1100 4158 genere
1111 4077 1345 4158 imperitissimo.

28 4153 78 4228 tid
92 4183 214 4245 agerem
226 4165 317 4251 ipse?
341 4165 515 4229 Veritatem
525 4167 646 4228 silentio
661 4166 840 4247 proderem?
868 4167 1032 4242 Paterer,
1024 4185 1123 4270 ipsum
1137 4166 1345 4231 fidentissimis

28 4250 63 4312 uis
75 4253 434 4317 adseverationibust
372 4263 405 4317 ct
421 4255 595 4335 triumphali
612 4275 679 4318 cum
692 4274 811 4337 paeane
826 4256 859 4318 in
874 4256 990 4320 animos
1005 4256 1212 4337 imperitorum
1227 4264 1261 4318 et
1270 4256 1344 4320 sim-

28 4337 113 4404 licium
128 4343 286 4426 irrepere?
306 4343 390 4406 Nibil
400 4344 559 4425 equidem
546 4363 643 4406 munus
650 4345 722 4407 mrhr
731 4345 978 4409 committendum
994 4345 1059 4407 fuit
1081 4343 1238 4426 Respondi
1253 4345 1346 4426 igitur

28 4428 169 4495 dvorsario
193 4432 295 4495 libello
319 4441 351 4494 et
370 4433 437 4513 ipse
454 4431 738 4496 Germanico-anno
756 4434 840 4497 1613
854 4434 1082 4514 ⁴Argentiuae
1073 4452 1230 4515 rmprcsso.
1276 4432 1345 4506 Quo

28 4536 139 4601 esponso
156 4522 228 4603 quid
245 4520 326 4602 apud
341 4522 439 4603 ipsum
455 4522 606 4585 effecerim
619 4530 738 4604 tempus
755 4523 890 4599 docebit3
914 4524 1003 4604 apud
1008 4524 1141 4586 lectores
1156 4531 1254 4598 certe,
1275 4523 1344 4606 qui-

28 4627 51 4672 us
65 4611 228 4675 vernacula
250 4618 300 4674 est
320 4611 426 4692 lingua
441 4608 640 4685 Germanica,
662 4619 782 4687 tantum
796 4619 844 4675 ιιι
859 4612 1024 4694 profecisse
1039 4631 1147 4693 spero,
1168 4621 1204 4675 ut
1219 4612 1346 4676 veritati

28 4698 166 4763 ubsidinm
171 4709 208 4762 ιι
223 4719 280 4780 par
295 4706 345 4762 est
359 4722 379 4764 a
391 4720 439 4763 me
455 4699 626 4782 praebitum
642 4721 710 4763 osse
725 4702 871 4764 consituri
887 4701 957 4764 sint
1072 4738 1074 4742 »

75 4790 273 4855 Ecceautem
277 4785 429 4872 ’Oxrrrrs'u’
440 4786 519 4872 ὄχνῃ,
534 4784 817 4878 μηλονίιπιμηλῳ.
835 4744 1345 4874 Quismibiinfensusgeniusbellc
