3142 5482
225 231 287 293 538
475 297 478 309 ι
709 226 738 276 lu
757 226 839 291 Opera
861 227 1039 292 chronologica

224 410 251 463 id
270 409 374 462 habeat
392 410 480 462 locum
499 408 526 462 in
546 421 604 476 cap.
626 406 693 468 xl,
723 409 792 477 quod
822 423 887 462 vero
908 405 1064 475 Stephano,
1090 406 1117 459 id
1138 405 1175 460 sit
1193 406 1261 459 huic
1290 422 1350 459 oum
1379 406 1432 476 ipss
1447 406 1501 459 llere

224 505 375 551 commune,
396 491 442 542 sed
464 489 490 541 in
510 503 569 557 cap.
587 503 644 556 seq.
665 487 727 541 Xll.
768 489 837 540 Nam
862 502 926 539 rere
952 487 1058 556 quidem
1075 486 1190 544 vinitium
1216 488 1271 540 hoc
1290 502 1352 556 cap.
1372 487 1429 540 Xll
1447 497 1504 540 ιοιιι
1553 500 1562 533 ι

224 569 347 638 graviter
367 575 396 620 et
414 560 560 636 pathetice,
581 573 709 636 tanquam
729 569 762 619 de
782 583 812 618 re
832 582 942 635 magna,
963 567 998 618 ad
1019 582 1100 636 quam
1115 567 1194 619 Deus
1215 567 1367 621 Abramum
1385 568 1505 626 vocaverit,
1568 589 1571 591 ·

224 665 276 701 uon
296 648 381 700 minus
402 663 482 716 quam
501 646 605 699 initium
626 646 691 712 illud
712 646 840 700 orationis
860 646 1000 713 Stephani.

312 728 358 781 49.
390 728 486 796 ltaque
507 724 790 779 monetGrammatica
809 725 931 784 ulterius,
953 742 1015 778 num
1035 724 1158 778 fortassis
1178 724 1332 799 explicatio
1349 726 1396 778 illa
1404 724 1508 793 Stephani
1569 747 1571 749 ·

225 813 255 859 et
274 807 381 876 quidam
402 805 487 858 reluti
508 805 711 857 commentarius
731 806 800 858 initii
821 805 953 872 oapXII.
975 804 1065 873 sapiat
1085 804 1186 874 aliquid
1206 807 1242 857 de
1263 806 1363 858 schola
1380 803 1510 858 Gamaliel'a
1556 818 1568 849 r

225 893 275 940 aut
292 886 399 940 Hillelis
420 892 469 938 aut
488 883 601 953 alicujus
624 885 693 938 alius
714 885 785 938 docti
805 883 912 937 rabbini
934 884 1070 937 Christum
1090 886 1287 938 antecedentis.
1568 906 1571 913 ·

312 983 358 1036 50.
387 982 468 1035 Hisce
495 981 645 1036 rationibus
673 987 701 1034 et
726 982 778 1036 hac
804 981 991 1035 conciliatione
1017 981 1200 1035 Grammatica
1226 988 1324 1035 censet
1355 980 1405 1034 sibi
1428 980 1510 1050 quiden
1560 988 1571 997 '¹

224 1061 357 1122 satisfieri,
377 1069 410 1115 ut
429 1079 480 1114 non
501 1068 635 1129 appareat
654 1063 713 1117 ulla
731 1062 877 1115 necessitas
904 1055 1053 1114 devellendi
1074 1077 1173 1113 annum
1193 1061 1253 1114 nati
1274 1061 1390 1115 Abrami
1410 1061 1509 1112 abacos

226 1142 271 1196 70.
293 1141 382 1195 Thare
401 1142 497 1210 patris,
519 1143 658 1193 dummodo
679 1140 705 1193 id
722 1148 846 1209 acceptet
865 1140 1016 1210 Theologia
1035 1141 1154 1204 domina,
1180 1143 1216 1194 de
1238 1156 1295 1211 qua
1318 1142 1388 1194 bene
1407 1141 1452 1193 hoc
1468 1141 1510 1192 loco
1560 1140 1571 1153 '

225 1228 326 1294 sperat,
343 1236 405 1273 cum
422 1220 481 1288 jam
502 1222 600 1272 dudum
620 1227 727 1289 patrum
749 1220 831 1291 aliqui
851 1221 903 1273 huc
924 1221 1059 1274 inclinent.
1101 1238 1103 1241 ·
1325 1216 1326 1220 ’

312 1301 357 1355 51.
388 1301 449 1352 Jam
469 1316 549 1369 porro
569 1300 691 1367 proxime
712 1301 784 1353 subit
804 1300 859 1353 alia
880 1300 1016 1370 quaestio,
1037 1299 1072 1352 ab
1093 1298 1153 1352 aliis
1174 1300 1247 1369 quod
1274 1298 1362 1352 sciam
1381 1299 1430 1351 baa
1446 1297 1511 1349 loma
1560 1298 1565 1340 ἱ

224 1395 277 1432 non
297 1386 379 1441 mota,
399 1378 463 1432 mihi
483 1387 574 1432 tamen
594 1376 748 1433 necessaria
769 1381 804 1433 ad
824 1381 952 1432 tuendam
973 1384 1071 1432 exacte
1092 1379 1224 1448 epocham
1247 1378 1325 1432 illam
1344 1394 1428 1431 meam
1445 1385 1510 1430 asro
1564 1394 1567 1411 ι

225 1458 354 1511 uomicam
375 1458 402 1512 in
422 1474 511 1511 rerum
532 1457 607 1512 initio
628 1461 717 1529 adque
737 1459 930 1513 conciliandam
951 1458 1024 1511 illam
1045 1475 1104 1511 cum
1122 1458 1240 1511 historia
1261 1450 1353 1510 sacra
1394 1457 1511 1519 Quaeritur
1568 1480 1571 1501 2

168 1552 170 1554 ’
225 1538 382 1600 enimcum
404 1547 577 1591 numerentur
598 1532 735 1591 inExodo
751 1540 808 1594 430
830 1539 893 1592 anni
913 1538 1088 1591 habitationis
1109 1538 1224 1591 liliorum
1247 1539 1340 1591 lsrael
1361 1537 1387 1590 ιιι
1401 1544 1510 1606 Aegypta
1560 1561 1571 1586 κ

225 1618 359 1671 undenam
380 1616 419 1672 illi
439 1617 599 1686 incipiendi?
620 1618 671 1679 Qui
691 1624 810 1680 censent,
831 1618 994 1687 incipiendos
1015 1635 1073 1669 esse
1095 1618 1130 1670 ab
1152 1634 1223 1670 anno
1248 1617 1315 1671 130.
1339 1617 1430 1669 Jacobi
1447 1623 1470 1667 et
1483 1613 1510 1664 ric

226 1713 244 1750 a
264 1698 393 1750 descensu
414 1690 598 1751 israelitarum
619 1697 647 1751 in
665 1689 838 1768 Aegyptum>
863 1698 883 1750 ii
901 1697 954 1750 boc
974 1699 1031 1751 loeo
1058 1697 1084 1750 in
1104 1698 1181 1750 nulla
1205 1697 1425 1750 consideratione
1446 1700 1510 1754 eruut

227 1778 325 1830 dudum
346 1777 416 1829 enim
436 1783 498 1856 suut
517 1776 620 1845 rejecti.
1196 1795 1197 1803 ¹
1560 1818 1566 1847 4

315 1856 360 1910 52
390 1856 474 1910 Ειι“’
457 1874 489 1909 ιιι
509 1855 608 1926 igitur,
635 1854 680 1927 qui
705 1855 861 1909 verisimilia
887 1857 1017 1920 afferunt,
1044 1854 1090 1909 alii
1117 1855 1224 1926 quidem
1252 1862 1402 1909 numerant
1424 1852 1475 1907 ab'
1470 1867 1512 1921 ipsa
1560 1899 1567 1907 .

159 1957 160 1962 ¹
227 1936 370 1988 vocatione
390 1935 506 1994 Abrami
522 1944 550 1988 et
571 1937 605 1988 ab
627 1952 697 1989 anno
719 1935 833 2003 ejus75,
854 1935 905 1988 hoc
924 1942 990 2005 puto
1012 1942 1180 2006 argumento,
1201 1935 1270 2004 quia
1291 1937 1389 1988 eodem
1410 1931 1511 2002 caphlb
1562 1979 1566 1986 .

227 2021 452 2068 commemoratur
478 2017 621 2068 descensus
640 2015 780 2070 Abrami'
773 2034 800 2068 ιιι
819 2016 991 2085 Aegyptum,
1018 2015 1095 2085 quasi
1115 2015 1137 2066 is
1159 2015 1216 2083 ipso
1239 2031 1314 2068 anno
1343 2016 1463 2066 adrentus
1483 2007 1512 2061 ιιι

229 2095 255 2147 in
275 2095 387 2148 Canaan
407 2094 562 2163 pervenerit
583 2094 609 2147 in
628 2100 787 2163 Aegyptum
808 2100 837 2147 et
856 2111 915 2148 cum
930 2095 1020 2165 ‘hoc'
1012 2111 1136 2166 ingressu
1158 2093 1186 2148 iu
1204 2099 1373 2165 Aegyptum
1394 2090 1513 2162 incipienda
1555 2136 1564 2143 ,

228 2174 264 2227 sit
283 2173 417 2226 habitatio
436 2173 552 2227 liliorum
572 2175 659 2228 lsrael
679 2174 706 2228 in
725 2179 862 2244 Aegypto.
972 2168 975 2173 ’

316 2253 361 2308 53.
391 2255 529 2309 Accedere
554 2260 645 2322 potest
670 2254 745 2307 locus
770 2255 804 2307 D.
830 2253 909 2308 Pauli
936 2255 970 2306 ad
999 2254 1113 2307 Galatas
1132 2253 1196 2316 111„
1225 2252 1273 2323 qui
1300 2253 1355 2305 hos
1376 2253 1430 2307 430
1453 2264 1514 2302 amor

229 2340 354 2387 numerat
374 2332 593 2406 appromissione,
615 2348 684 2404 quae
705 2334 739 2386 ad
755 2332 890 2386 Christum
906 2333 972 2395 lert,
993 2335 1027 2386 ad
1048 2349 1132 2405 usque
1153 2334 1249 2386 datam
1270 2333 1375 2402 legem
1414 2331 1467 2384 Jam
1481 2331 1515 2382 lex
1556 2382 1571 2404 .›

231 2418 274 2465 est
293 2412 366 2464 data
380 2428 450 2466 anno
467 2411 557 2465 exitus
567 2424 604 2466 ex
612 2418 751 2483 Aegypto,
772 2412 912 2506 promissio
931 2430 1004 2476 vero,
1026 2429 1096 2483 quae
1117 2411 1303 2465 adChristum
1325 2410 1447 2472 tetendit,
1462 2409 1517 2460 iacta
1556 2407 1570 2464 ’.

230 2491 319 2544 estin
337 2493 432 2546 Ilaron
459 2508 484 2545 a.
506 2492 550 2555 75.
571 2493 696 2548 Abrami:
719 2493 829 2562 facicm
855 2501 881 2544 tc
900 2494 931 2545 ia
948 2498 1055 2563 pentem
1079 2510 1220 2563 osannam
1244 2494 1275 2543 in
1299 2501 1329 2543 te
1351 2491 1518 2544 benedicentur

229 2572 380 2623 uniuersae
401 2564 578 2642 repansiones
599 2570 713 2624 Terrae.
800 2584 801 2588 ’

318 2652 363 2705 54.
392 2651 454 2720 Ego
474 2667 547 2713 vero,
568 2650 774 2705 necessitatibus
794 2650 869 2720 prius
889 2651 966 2705 dictis
988 2653 1113 2713 adactus,
1140 2632 1312 2703 ιιιοιιιιιιιιιιι
1339 2664 1434 2703 censeo
1455 2641 1518 2699 etiam

222 2722 288 2783 viilia
316 2729 393 2784 initia
421 2729 583 2784 verisimilia.
624 2731 700 2792 Quod
729 2730 815 2802 igitur
843 2730 957 2800 primurn
986 2737 1174 2809 argumentum
1203 2730 1323 2793 attinet,
1355 2746 1408 2782 non
1434 2726 1569 2785 ridetur

231 2799 438 2873 Grammaticae,
459 2810 563 2863 omniuo
584 2816 689 2864 certum
710 2827 783 2873 esse,
804 2812 875 2882 quod
895 2813 997 2866 Abram
1019 2804 1110 2864 eodem
1132 2826 1201 2862 anno
1226 2811 1272 2863 75.
1295 2811 1432 2862 adrentus
1453 2805 1487 2858 sui
1503 2803 1523 2855 ιι
1568 2792 1570 2832 l

231 2889 342 2942 tanaan
372 2889 574 2943 descenderit
567 2907 594 2943 ιιι
618 2894 785 2961 Aegyptum.
845 2884 964 2944 Primum
991 2891 1061 2942 euim
1092 2907 1129 2942 ex
1154 2886 1285 2942 Haran'
1278 2906 1307 2941 ιιι
1338 2889 1447 2941 Canaau
1473 2882 1524 2937 salis
1569 2943 1570 2946 J

231 2970 342 3037 longum
363 2968 415 3022 iter
435 2977 484 3032 est,
504 2969 667 3040 praesertim
687 2971 760 3044 lente
780 2969 957 3039 proficiscenti
978 2986 1037 3022 curn
1058 2967 1184 3022 armentis
1204 2975 1235 3021 et
1255 2968 1404 3039 gregibus
1439 2965 1525 3020 Deinde

231 3049 333 3103 Abram
358 3049 547 3117 pertransivit,
574 3049 601 3102 id
628 3056 671 3102 est
695 3049 823 3103 lustravit
848 3052 958 3104 Terram
984 3054 1069 3119 usque
1096 3049 1123 3101 in
1148 3047 1265 3102 Siclrem.
1315 3047 1409 3101 Tertio
1434 3046 1524 3102 Abrm

220 3134 360 3197 percepto
380 3128 469 3181 divino
490 3130 613 3192 oraculo,
634 3128 786 3183 aedificarit
807 3131 903 3183 altare.
945 3129 1048 3190 Quarto
1069 3128 1207 3181 discedens
1230 3125 1294 3179 inde
1315 3126 1433 3180 tetendit
1450 3125 1524 3178 taber·

153 3235 155 3238 ¹
232 3209 362 3261 naculum·
372 3224 449 3260 suum
464 3215 560 3262 contra
568 3207 675 3272 Betbel,
696 3211 766 3279 quod
782 3216 824 3262 est
845 3216 1032 3279 argumentum
1052 3206 1236 3261 habitationis.
1268 3207 1375 3267 Quinto
1393 3201 1525 3258 aedificarit

232 3296 261 3339 et
279 3286 324 3339 hic
344 3288 440 3340 altare.
482 3284 567 3342 sexto
589 3286 712 3341 discessit
732 3286 793 3340 inde
813 3296 908 3341 contra
933 3288 1077 3341 meridiem.
1108 3285 1228 3355 Septimo
1249 3285 1331 3339 facta
1351 3293 1394 3338 est
1413 3280 1525 3337 anso

231 3374 315 3426 terra,
336 3366 381 3436 qui
401 3374 514 3421 eventus
534 3367 642 3419 ridetur
661 3369 723 3459 plus
742 3384 824 3438 quam
842 3384 924 3421 unum
950 3383 1048 3420 aunum
1072 3366 1218 3437 requirere.
1261 3366 1357 3435 Igitur
1383 3364 1433 3417 etsi
1451 3377 1525 3416 auur·

232 3461 352 3498 raremus
373 3446 422 3499 hos
443 3447 507 3502 430
523 3463 607 3499 anuos
628 3462 645 3500 a
664 3447 750 3517 primo
770 3447 881 3502 Abrami
902 3445 1245 3516 descensuinAegyptum,
1266 3447 1389 3499 nondum
1403 3443 1526 3496 missenus

232 3523 299 3578 certi
320 3525 353 3577 de
374 3541 442 3579 anno
466 3526 510 3581 75.
530 3524 679 3581 abrami·

320 3593 365 3660 55
394 3605 456 3658 Jam
475 3621 562 3675 neque
583 3605 751 3697 exprimitur,
772 3589 872 3676 quanto
896 3612 1017 3675 ternpore
1036 3603 1139 3660 Abram
1163 3602 1367 3657 habitaverit
1359 3621 1386 3656 ιιι
1405 3603 1526 3670 Angpta

185 3710 192 3728 r
234 3683 271 3737 Et
291 3682 315 3735 si
335 3684 491 3737 numerat-io
511 3686 625 3738 debet'
619 3685 736 3755 incipere
761 3692 822 3753 post
847 3684 905 3753 ejus
932 3686 1061 3747 reditum,
1088 3683 1245 3755 quaeritur,
1266 3689 1362 3735 utrum
1388 3679 1525 3734 aaecuadr

233 3762 402 3832 apparitione
415 3764 544 3823 Domini
536 3782 562 3817 ιιι
573 3761 692 3827 Canaan,
712 3771 774 3835 post
793 3764 949 3818 divisionem
963 3781 982 3818 a
994 3765 1091 3827 Lotho,
1111 3770 1255 3833 postquam
1274 3763 1383 3817 Abram
1404 3756 1525 3813 transtulit

233 3844 437 3896 tabernaculum
463 3860 539 3897 suum
566 3843 593 3897 in
612 3844 734 3915 Mambre
759 3850 789 3897 et
810 3844 929 3906 Hebron,
962 3860 1032 3897 anne
1058 3844 1147 3912 potius
1172 3849 1235 3909 post
1255 3842 1386 3894 ‘devictos
1411 3842 1524 3908 regesti

233 3923 378 3976 liberatum
397 3923 477 3986 Loth,
498 3923 644 3992 ospiteso.
669 3926 712 3987 15,
733 3925 839 3993 quando
859 3923 941 3976 tertio
961 3925 1035 3977 Deus
1056 3922 1184 3992 apparuit
1202 3922 1336 3976 Abramo.

322 4029 367 4082 56.
395 4028 466 4082 Nam
485 4029 538 4081 hac
558 4031 663 4082 demum
687 4029 746 4084 vice
766 4017 840 4084 Deus
867 4029 1081 4105 promissionem,
1107 4029 1198 4083 Abrae
1225 4023 1311 4079 semel
1338 4032 1421 4096 atque
1446 4024 1525 4076 iterun

235 4113 281 4160 ant
284 4123 318 4159 ea
337 4108 437 4161 factam
458 4111 492 4162 de
511 4116 596 4162 terra
607 4109 726 4173 Canaan,
747 4108 913 4162 confirmavit
933 4107 985 4162 icto
1006 4101 1108 4162 solenni
1127 4107 1253 4167 foedere;
1280 4106 1337 4158 hac
1358 4109 1462 4158 demum
1478 4102 1525 4151 τιτι

235 4188 334 4240 dictum
355 4195 396 4239 est
415 4187 470 4250 illi,
495 4191 565 4258 quod
585 4205 638 4243 non
658 4189 765 4242 Eliezer
791 4205 899 4250 servus,
929 4191 975 4242 sed
1002 4189 1099 4258 aliquis
1125 4186 1259 4239 naturalis
1284 4186 1359 4239 filius
1386 4185 1420 4237 sit
1443 4183 1525 4235 haeres

235 4268 328 4321 Abrae
348 4265 469 4328 futurus3
490 4268 542 4321 hac
562 4269 667 4321 demum
687 4269 745 4321 rice
764 4268 930 4359 praedicitur
943 4269 1081 4329 Abrahae,
1102 4267 1172 4338 quod
1188 4280 1281 4319 semen
1301 4266 1389 4335 ipsius
1408 4263 1443 4316 sit
1457 4256 1524 4313 serri-

235 4352 324 4399 turum
344 4345 371 4399 in
392 4352 467 4398 terra
494 4364 547 4400 non
576 4346 661 4408 suari,
690 4360 740 4400 nec
767 4347 908 4400 additur
901 4365 927 4400 ιιι
953 4352 1097 4425 Aegypto,
1125 4362 1176 4418 quc
1202 4345 1291 4398 minus
1323 4352 1368 4398 est
1393 4339 1525 4395 verisimile

236 4425 445 4478 numerationem
465 4426 698 4522 Aegyptiacorum
719 4427 776 4481 4³0
798 4443 928 4480 annornm
947 4402 1125 4495 incipiendam
1146 4441 1205 4477 esse
1227 4424 1352 4495 aprima
1371 4415 1526 4493 praecedeuti

235 4505 400 4573 profectione
421 4506 559 4559 Abrami'
552 4523 579 4560 ιιι
599 4502 772 4575 Aegyptum
798 4507 913 4576 denique
933 4505 986 4558 hac
1013 4504 1116 4559 demunt
1136 4505 1196 4557 rice
1221 4505 1421 4558 determinatur
1440 4511 1526 4553 sumar

235 4584 419 4652 superficiaria
439 4601 568 4638 annorum
589 4586 646 4639 400
668 4586 870 4639 habitationis'
863 4604 890 4639 ιιι
909 4592 1047 4656 Aegypto.

255 4682 256 4687 ¹
323 4665 369 4719 57.
399 4663 436 4716 Et
455 4663 523 4717 haec
543 4681 645 4718 summa
666 4666 721 4719 alia
740 4666 853 4720 nonita
872 4667 1007 4718 commode
1032 4671 1124 4734 potest
1142 4679 1192 4732 pro
1212 4678 1284 4717 rera
1302 4662 1412 4716 defendi
1435 4658 1525 4713 ratium

236 4742 312 4804 initii,
333 4742 383 4797 nisi
404 4742 430 4795 id
452 4743 536 4811 ipsum
557 4745 730 4799 sitsunrmao
750 4745 862 4813 initium,
883 4745 993 4815 quando
1010 4761 1112 4797 summa
1131 4744 1183 4795 luit
1203 4743 1394 4812 pronunciata
1429 4735 1524 4793 aar
