3150 5482
471 219 656 310 οδιειοοιιιειιίμ
672 219 740 271 Dalii
759 221 893 271 Austriaci.
976 242 981 253 =
1282 224 1344 286 625

68 452 69 457 ,
110 391 421 460 Demonsuationem
451 394 641 476 legitimam.
655 399 712 459 aut
739 393 981 479 refutationem,
1012 394 1040 463 si
1062 414 1143 479 opus
1165 401 1222 477 est,
1248 415 1342 482 expe·

26 476 111 548 iiairt
134 471 305 547 Suellius
327 490 384 549 aut
407 483 595 562 Adrianus
618 484 821 564 Romanus,
847 476 1006 566 Apollonii
1020 483 1150 566 Belgae.
1183 486 1345 570 rouergue

26 571 152 654 quidem
182 578 231 634 est
252 569 302 635 liic
332 579 364 636 et
393 573 568 656 episagma,
587 570 687 653 ,quod
709 593 841 656 scopum
863 573 980 639 attinet
1001 570 1116 651 libelli,
1133 575 1345 657 'macedonis
1452 629 1457 645 .

26 681 131 739 amen
151 660 255 724 ‘causa
273 680 344 737 cum
360 661 562 744 praecedenti
584 660 635 731 hio
657 659 864 743 adscriptum,
887 664 976 746 quus
998 660 1169 740 similitudo
1190 684 1264 731 cum
1285 663 1345 729 hoc

26 750 165 832 primam
180 747 257 815 mihi
286 747 380 814 fidem
403 748 495 829 lecit,
524 750 584 814 etsi
604 749 712 813 trunci
734 749 1184 833 praecedentistheorematis
1212 773 1277 818 non
1299 753 1344 816 sic
1455 811 1458 828 ,

26 835 183 922 conjugati
204 842 286 913 sunt,
311 844 349 903 ut
370 859 431 917 nos
451 838 604 903 hactenus
628 835 710 903 hanc
731 859 840 904 vceem
863 837 1103 921 usurpavimus3
1126 840 1344 923 suppreadcm

26 943 129 991 tamen
159 929 198 989 et
225 925 304 1008 ipsi„
320 927 469 1009 diagonio
499 934 574 992 sunt
609 926 772 1011 descripti,
808 934 846 1005 et
872 923 992 992 habent
1024 926 1157 995 candem
1194 927 1277 994 inter
1310 924 1344 993 se

26 1013 263 1099 proportionem
293 1011 435 1095 basium,
467 1014 734 1101 quemadmodum
757 1014 854 1080 ceteri
880 1015 1040 1098 conjugati
1069 1015 1192 1084 habent
1213 1016 1345 1083 eandem

26 1108 107 1169 mter
137 1123 171 1166 se
195 1105 432 1185 proportionem
455 1104 604 1170 diametri
627 1103 711 1168 basis
734 1103 864 1169 minoris
886 1104 928 1170 ad
950 1103 1035 1185 latus
1054 1103 1205 1180 cenchre·
1263 1134 1266 1141 ⁴

110 1191 222 1273 Altera
251 1191 332 1256 dixis
362 1197 410 1257 est
442 1214 481 1271 ex
510 1194 706 1278 proprietate
733 1192 964 1277 coujugationis
994 1191 1127 1274 cylindri
1148 1193 1288 1272 maximi,
1312 1202 1345 1260 et

26 1280 168 1365 quadiu
197 1279 462 1364 praecedentibus
493 1281 722 1360 demonstrari,
755 1300 824 1346 esse
852 1281 996 1364 aliquam
1018 1280 1220 1368 altitudinem
1241 1283 1346 1350 trunci

26 1368 185 1454 conjugati
214 1373 368 1458 majorem
397 1369 567 1454 altitudine
596 1369 732 1453 cylindri
754 1370 898 1449 maximi,
916 1366 1073 1452 aliquam
1103 1367 1345 1451 illa'minoreru,

26 1456 391 1544 quarumnutrarumque
413 1459 521 1547 trunci
543 1461 605 1524 sint
620 1459 772 1542 aequales
793 1455 934 1540 cylindro
950 1456 1105 1537 maiduno,
1129 1459 1221 1539 illum
1243 1461 1346 1543 ipsum

26 1569 112 1624 roro,
148 1547 204 1630 qui
237 1553 285 1611 est
314 1548 504 1630 aequealtus
540 1549 693 1629 maximo,
725 1554 858 1611 truncus
887 1547 1044 1629 cylindro,
1080 1568 1197 1630 corpus
1227 1548 1345 1616 habere

26 1639 144 1720 majus,
173 1642 207 1700 et
237 1636 400 1718 utrinque,
432 1642 499 1701 tam
527 1658 637 1702 versum
667 1636 843 1723 cylindrum
864 1640 1091 1721 conjugatum,
1116 1656 1214 1718 quam
1236 1632 1346 1702 uersus

26 1720 155 1789 truncos
184 1723 380 1789 humillimos
414 1724 596 1791 decrescere
622 1733 763 1810 truncos.
818 1711 922 1790 Causa
954 1724 1051 1808 igitur
1078 1724 1170 1789 nulla
1198 1732 1344 1808 apparet,

26 1835 84 1967 ἱιὲιο
108 1811 186 1914 albi
210 1815 249 1883 iu
271 1814 383 1879 vicinia
405 1815 558 1893 consistat
592 1820 679 1878 meta
700 1813 843 1897 corporis
873 1813 1149 1893 incrementorum,
1180 1829 1280 1897 quam
1312 1814 1347 1882 in

105 1922 187 1984 ipsa.

112 1990 202 2054 Adde
224 1990 373 2072 indicium
394 1988 520 2064 calc'uli.
539 2017 546 2032 ·
565 1990 613 2055 Sit
635 1989 824 2074 conjugatio,
848 1989 882 2053 i'n
905 2009 970 2072 qua
985 1988 1141 2061 diameter
1165 1985 1206 2054 01
1228 1996 1347 2072 aequet

26 2079 224 2169 altitudinem
242 2079 306 2162 tls,
337 2085 371 2154 et
399 2081 440 2144 sit
469 2078 562 2161 hujus
584 2078 812 2162 conjugationis
835 2085 969 2143 truncus
993 2077 1181 2160 aequealtus
1204 2077 1345 2163 cylindro

26 2169 117 2248 aas,
141 2168 191 2233 hic
224 2168 375 2247 maximo,
406 2187 450 2234 sc.
478 2169 569 2250 cujus
599 2167 753 2232 diameter
776 2166 832 2233 CG
854 2166 1033 2249 semidupla
1054 2167 1098 2231 ad
1119 2167 1177 2232 Gn
1200 2167 1345 2232 altitudi-

26 2279 105 2323 nem.
145 2256 229 2339 Ergo
251 2257 355 2322 minor
377 2258 483 2326 trunci
505 2256 656 2340 diameter
679 2257 740 2320 erit
762 2244 874 2335 lnce,
898 2262 947 2320 est
968 2256 1235 2339 autemaequalis
1249 2255 1348 2321 lateri

26 2344 144 2426 acclivi,
178 2347 297 2430 quippo
321 2347 462 2430 ponitur,
480 2344 523 2410 ad
552 2344 587 2409 id
617 2365 686 2408 esse
715 2351 753 2408 ut
774 2342 816 2409 01
838 2344 880 2409 ad
902 2343 954 2408 iu.
1001 2342 1061 2409 Est
1083 2343 1180 2427 igitur
1203 2343 1254 2409 cr*
1277 2344 1345 2410 dia-

26 2442 125 2499 meter
154 2434 266 2516 minor,
289 2444 410 2504 secatis
442 2429 502 2512 IN,
531 2433 830 2517 perpendicularem
857 2454 896 2497 ex
918 2438 1026 2500 centm
1049 2433 1100 2512 N,
1113 2432 1146 2496 in
1167 2435 1286 2517 puncta
1310 2432 1344 2511 1⁴¹,

26 2531 57 2588 et
80 2521 141 2601 -Fd
169 2522 256 2592 latus
283 2520 412 2589 acclive.
460 2521 510 2607 Ut
536 2523 631 2604 igitur
659 2523 710 2588 GL
737 2521 779 2585 ad
810 2520 865 2592 CG
888 2521 934 2593 sic
957 2519 1011 2601 CN
1033 2520 1076 2595 ad
1097 2519 1167 2585 CF.⁴
1208 2519 1272 2586 Sed
1294 2520 1346 2590 CL

26 2618 77 2678 est
96 2611 151 2676 bes
173 2611 214 2676 de
237 2610 305 2690 ca,
339 2618 372 2676 et
394 2607 665 2698 quadratumCL
688 2607 828 2693 quatuor
849 2630 962 2699 nonae
975 2609 1015 2674 de
1038 2609 1198 2691 quadrato
1222 2605 1290 2690 CA;
1314 2617 1347 2675 et

26 2700 222 2784 quadratum
252 2699 306 2764 CN
335 2707 385 2764 est
412 2706 528 2782 quarta
555 2719 631 2781 pars
658 2698 697 2762 (le
720 2697 879 2782 quadrato
903 2698 966 2775 CA,
990 2697 1127 2780 denique
1149 2697 1347 2781 quadratum

26 2788 80 2854 CG
103 2796 153 2853 cst
184 2783 239 2855 bes
262 2788 302 2853 de
331 2787 490 2871 quadrato
520 2787 581 2853 CA.
628 2785 671 2853 Ut
698 2795 808 2851 autern
836 2786 887 2853 CL
919 2783 954 2863 *la
986 2786 1029 2851 ad
1052 2785 1183 2851 -bessem
1211 2785 1346 2864 CG,›sic

26 2899 102 2963 pars
125 2884 253 2960 quarta
267 2878 322 2943 GN
344 2876 387 2941 ad
411 2876 471 2955 CF,
500 2874 549 2954 ⁸la.
595 2875 681 2959 Ergo
708 2874 906 2957 quadratum
937 2873 988 2940 OF
1009 2880 1104 2940 erunt
1136 2872 1169 2950 ³la
1196 2875 1347 2957 quadrati

26 2965 96 3033 UA:
124 2972 251 3031 tautum
275 2986 355 3031 sero
386 2970 435 3030 est
465 2965 562 3030 etiam
588 2965 786 3047 quadratum
815 2964 940 3029 acclivis
969 2962 1079 3028 lateris
1093 2960 1165 3027 FA.
1209 2963 1347 3030 Ablatae

26 3056 122 3138 igitur
150 3053 183 3131 ³ls
215 3055 256 3119 de
284 3054 443 3137 quadrato
475 3053 538 3134 CA,
560 3055 723 3136 relinqunt
754 3051 787 3124 lla
822 3052 1009 3135 rectangulo
1031 3051 1092 3117 sub
1116 3050 1167 3117 CF
1191 3051 1346 3133 diametro

26 3144 147 3208 minore
168 3150 201 3208 et
221 3143 369 3227 opposita
391 3137 545 3231 diametro
567 3146 698 3227 majore,
712 3162 804 3226 ,quae
823 3149 897 3227 'qum
919 3140 976 3205 AX
992 3140 1149 3219 coincidit,
1174 3160 1346 3206 excurrens

26 3232 116 3297 ultra
138 3232 176 3298 ll.
223 3231 304 3297 cam
333 3253 408 3316 ergo
437 3226 632 3314 quadratum
659 3229 709 3296 CF
744 3237 776 3304 et
799 3230 1022 3312 rectangulum
1043 3228 1272 3313 diametrorum
1295 3229 1346 3297 CF

26 3329 59 3385 et
81 3322 211 3405 majoris
241 3317 385 3405 habeant
405 3319 606 3385 latitudinem
629 3319 761 3384 eandem
784 3318 849 3397 (lF,
880 3317 1090 3402 longitudines
1116 3339 1227 3383 earum
1254 3318 1347 3399 erunt

26 3418 61 3476 ut
83 3410 184 3493 plana
204 3410 283 3500 ipsa,
308 3408 428 3488 scilicet
450 3412 528 3473 ut'3
552 3408 595 3488 ad
618 3414 647 3472 5.
694 3408 781 3477 Haec
803 3414 852 3472 est
872 3408 969 3490 igitur
983 3407 1149 3492 proportio
1172 3406 1344 3478 diametro·

26 3521 98 3567 rum
120 3498 242 3578 trunci,
272 3497 327 3580 qui
353 3497 394 3563 ex
422 3497 483 3562 hac
506 3495 729 3580 conjugatione
752 3502 808 3567 est,
824 3495 1009 3578 aequealtus
1032 3496 1174 3578 cylindro
1197 3497 1345 3564 maximo.

26 3586 144 3666 Quare,
164 3607 228 3670 per
249 3585 335 3651 Xlll.
359 3587 459 3671 hujus,
484 3591 519 3651 ut
541 3585 734 3668 quadratum
765 3580 822 3648 16²
837 3585 935 3649 medii
965 3605 1079 3650 eorum
1102 3584 1344 3663 arithmetici-4,

26 3697 70 3741 sc.
95 3676 194 3759 ipsius
218 3675 282 3754 CG,
306 3675 349 3740 ad
363 3675 500 3739 ,unciam
515 3673 670 3756 quadrati
691 3681 720 3743 4,
745 3672 942 3761 differentiae
957 3672 1187 3746 diametrorum
1203 3677 1221 3736 2
1238 3672 1347 3754 (uncia

26 3786 104 3831 vero
126 3764 166 3828 de
190 3771 211 3831 t
238 3771 287 3829 est
310 3762 433 3844 triens),
466 3763 510 3827 sic
524 3783 647 3847 corpus
678 3761 811 3844 cylindri
830 3762 924 3826 ,cca
954 3761 1083 3827 maximi
1112 3759 1155 3825 ad
1183 3781 1347 3826 excessum

26 3853 107 3919 CFA
130 3853 239 3917 trunci
260 3852 434 3935 aequealti:
458 3853 588 3917 truncus
608 3871 683 3932 ergo
705 3850 830 3916 excedit
851 3850 1034 3932 cylindrum
1042 3850 1215 3914 maximum
1229 3851 1347 3915 triente

26 3944 120 4007 unius
142 3940 328 4022 sedecimae,
353 3961 410 4006 seu
423 3947 517 4023 'parte
540 3939 785 4022 quadragesima
803 3945 919 4016 octava
934 3937 1079 4022 corporis
1095 3933 1231 4020 cylindri
1254 3937 1346 4006 CGA.

26 4030 210 4108 Quaeratur
232 4030 329 4114 igitur
351 4029 518 4114 proportio
541 4028 674 4112 cylindri
700 4028 829 4103 maximi
859 4028 943 4096 CGA
967 4026 1016 4091 ad
1038 4024 1216 4108 cylindrum
1238 4032 1346 4112 couju-

26 4126 138 4201 gatum
161 4118 240 4185 01Αρ
268 4117 562 4201 ,Εειιιιιιιίιιιιιιιιι
585 4116 671 4187 basis
694 4116 735 4181 CI
756 4116 894 4180 semissis
916 4115 1067 4198 quadrati
1089 4113 1157 4194 cn,
1187 4115 1245 4180 sed
1266 4136 1346 4199 qua·

26 4208 159 4279 dratiun
191 4207 245 4273 CG
261 4213 321 4291 est
342 4207 397 4272 bes
427 4205 578 4290 quadrati
608 4205 690 4271 CA:.
706 4199 807 4288 quare
827 4204 993 4289 proportio
1015 4203 1139 4277 basium
1162 4198 1268 4269 clad
1292 4204 1346 4269 cl}

26 4303 62 4362 ut
86 4302 106 4361 3
129 4296 172 4377 ad
192 4302 224 4361 4.
271 4295 413 4361 Vicissim
435 4294 628 4377 quadratum
649 4293 828 4359 altitudinis
850 4292 895 4357 IA
918 4299 967 4357 est
982 4291 1128 4372 senuas,
1151 4291 1347 4374 quadratum

26 4384 205 4453 altitudinis
241 4385 297 4451 Gli
324 4392 373 4449 est
403 4384 500 4448 triens
529 4382 680 4465 quadrati
709 4381 775 4448 Cli:
804 4381 969 4464 proportio
991 4381 1091 4463 igitur
1114 4380 1347 4463 quadratorum

26 4472 449 4557 lAadGAestea,quae
473 4471 779 4554 cadaverque
803 4476 821 4536 9
846 4470 888 4534 ad
912 4468 1344 4559 6:ipsarumigiturlinea·

26 4584 102 4628 rum
120 4561 166 4628 1A
185 4561 236 4627 ad'
250 4563 307 4630 Gn
324 4560 488 4646 proportio
507 4567 560 4630 ‚est
582 4559 720 4638 dimidia,
744 4579 788 4623 sc.
811 4579 894 4642 qnae
916 4561 1023 4630 30000
1045 4556 1088 4622 ad
1111 4560 1272 4638 24495—,
1296 4557 1348 4623 vel
1390 4615 1404 4654 ⁴

25 4651 123 4737 hujus
152 4651 194 4717 ad
223 4654 341 4738 20000,
393 4648 601 4733 Componitur
630 4642 737 4714 autem
763 4648 935 4748 proportio¹
957 4666 1128 4750 corporum
1149 4666 1189 4709 ex
1209 4664 1344 4730 propor-

26 4742 114 4810 tione
148 4739 243 4806 basis
271 4745 305 4805 et
333 4736 540 4825 proportione
569 4735 786 4804 altitudinum.
825 4734 974 4801 Ductusi
989 4740 1084 4821 igitur
1110 4733 1145 4798 ln
1173 4753 1208 4800 ss
1235 4740 1346 4801 mutuo

107 4849 315 4904 ιφιηιορωιι.
614 4865 618 4871 ¹
1101 4843 1136 4893 40
1233 4896 1234 4899 ,
