3144 5474
259 1048 627 1141 mmmrorssmo
655 1048 837 1129 raison
866 1048 917 1126 m
943 1046 1107 1127 ooorro
1188 996 1193 1001 ’

56 1230 113 1417 o.
156 1190 1332 1484 nasonroersrroooro
1412 1426 1419 1436 ,

156 1517 535 1651 VIENNENSI
547 1518 549 1522 ’
565 1521 650 1651 ΕΤ
679 1518 1199 1673 NEOSTADIENSL
1235 1635 1237 1639 ,

43 1747 146 1824 'adli
169 1773 189 1814 a
204 1749 350 1815 consitiis
373 1749 588 1813 secretioribus
611 1751 804 1833 ejusdemque
828 1748 1011 1814 Consietorii
1033 1748 1355 1827 Direotori,1)0min0

405 1929 407 1932 Ι
522 1857 589 1929 meo
605 1839 837 1921 gratiosissimo.

95 2071 358 2157 Reverendissime
374 2071 516 2148 Praesul‚
538 2071 657 2136 domiue
678 2070 910 2153 gratiosissime.
956 2068 1074 2142 Quibus
1096 2070 1251 2134 decausis
1272 2069 1382 2149 com-'¹

43 2160 276 2224 reobtiunculam
300 2178 399 2223 meam
423 2160 461 2224 de
486 2181 565 2224 anno
590 2161 731 2225 natalitio
757 2160 924 2223 servatoris
952 2165 986 2222 et
1008 2159 1140 2222 Domini
1160 2161 1258 2223 nostri
1281 2161 1357 2225 Jesu

43 2246 136 2327 bristi,
159 2250 308 2332 superiori
331 2270 409 2323 anuo
425 2253 590 2314 remacula
611 2250 716 2333 lingna
729 2250 761 2313 in
776 2249 927 2331 publicum
944 2249 1095 2325 emissam,
1111 2248 1143 2313 S.
1160 2250 1194 2316 O.
1209 2251 1252 2314 M.
1269 2250 1356 2314 dedi-⁶

43 2339 145 2416 auserim,
161 2359 200 2403 ex
215 2340 285 2422 ipsa
300 2339 492 2403 dedicatione
507 2341 602 2404 libelli
617 2348 650 2404 et
663 2336 854 2423 praefatione
876 2340 914 2401 ad
929 2339 1076 2401 lectorem
1090 2341 1285 2404 manifestum
1300 2347 1358 2405 est.

43 2425 86 2491 lm
100 2436 199 2493 autem
213 2429 263 2493 M.
274 2426 307 2491 S.
322 2429 352 2492 in
367 2428 497 2510 publicis
512 2431 645 2511 negotiis
667 2437 716 2492 tot
730 2446 892 2509 regnorum
914 2435 946 2490 et
960 2426 1183 2510 provinciamm
1203 2431 1357 2512 gnbema'-
1403 2463 1409 2471 ι

43 2515 118 2581 ionem
140 2518 343 2581 attinentibus
366 2520 466 2583 soleat
479 2518 517 2582 R.
533 2520 572 2583 D.
587 2521 622 2583 T.
638 2518 795 2584 consilium
817 2517 986 2598 requirere:
1009 2517 1173 2582 verisimile
1193 2520 1265 2582 mihi
1282 2526 1358 2596 erat,

44 2606 112 2670 odem
127 2608 220 2671 ctiam
235 2607 324 2688 hujus
341 2606 494 2672 literariae
511 2628 632 2686 causae,
648 2627 725 2691 quae
740 2608 822 2670 inter
836 2625 884 2668 me
901 2602 934 2669 et
948 2607 1157 2671 adversarium
1171 2627 1269 2671 meum
1284 2627 1356 2672 ver-

43 2702 101 2773 atur,
115 2697 320 2779 cognitionem
335 2697 482 2778 rejectum
496 2698 541 2762 iri.
584 2699 633 2764 Ea
647 2697 721 2761 mihi
735 2696 816 2759 iuter
832 2716 941 2759 causas
957 2696 1120 2779 praecipua
1135 2698 1202 2772 fuit,
1223 2697 1361 2761 libellum

52 2787 200 2850 remacula
221 2787 327 2868 lingna
347 2786 379 2851 in
393 2787 522 2851 latinum
538 2782 708 2851 sermonem
728 2784 948 2861 transferendi,
971 2785 1089 2849 scilicet
1102 2794 1138 2850 ut
1159 2807 1197 2849 ex
1212 2786 1357 2850 idiomate

44 2872 261 2955 isputationibus
276 2876 360 2940 hisce
384 2895 423 2940 ex
438 2878 621 2959 antiquitate
635 2877 743 2959 petitis
759 2874 1072 2939 accommodatissime
1093 2876 1208 2959 tibique
1224 2871 1355 2940 dimilia-

43 2961 132 3041 issimo,
151 2961 242 3028 tanto
258 2966 430 3048 expeditius
446 2968 619 3048 perciperes
635 2973 829 3047 argumenta,
852 2964 959 3047 quibus
973 2965 1113 3047 utrinque
1125 2965 1360 3030 'controversiae‘

43 3059 106 3117 tatus
127 3055 277 3119 inuititur.
321 3056 438 3137 Accipe
459 3057 552 3138 igitur
574 3055 807 3120 translationem
829 3063 862 3117 et
882 3053 1122 3135 recognitionem
1130 3056 1133 3062 ”
1143 3058 1222 3120 hauc
1244 3055 1359 3119 nomini

43 3161 66 3203 uo
83 3163 135 3225 per
150 3145 263 3207 orbem'
279 3145 475 3209 celeberrimo
498 3146 675 3228 inscriptam
696 3162 804 3208 sereno
825 3144 925 3219 vultu,
950 3150 982 3206 et
1004 3144 1156 3208 interdurn
1177 3165 1215 3208 ex
1230 3146 1281 3209 illo
1297 3144 1355 3208 im-

43 3249 110 3296 renso
124 3234 315 3315 publicorum
329 3235 520 3316 negotiorum
536 3254 650 3309 oceano
667 3235 820 3297 eluctatus
834 3240 907 3315 post
922 3231 1067 3314 exiguam
1077 3235 1157 3298 hauc
1170 3236 1256 3299 velut
1270 3235 1356 3299 inau-

43 3339 70 3382 m
83 3323 208 3386 succede
220 3323 373 3403 jucundae
396 3324 506 3406 quietis
528 3325 694 3407 capiendae
718 3329 750 3385 et
770 3322 863 3388 ‘animi
885 3322 1039 3387 reficiendi
1055 3343 1162 3401 causa;
1179 3325 1358 3408 quinetiam

43 3418 166 3475 {terram
182 3413 380 3476 exscensione
401 3415 485 3478 lacta
507 3414 546 3477 ad
562 3413 786 3495 diiudicandum
808 3411 947 3475 conside:
972 3413 1085 3478 nullum
1108 3415 1138 3478 iu
1154 3416 1219 3478 'boc
1235 3434 1358 3480 secessu

43 3500 180 3578 oriculum,
197 3502 280 3564 nulla
295 3504 441 3584 temporis
451 3503 584 3584 jactura,
600 3502 677 3566 satis
693 3508 724 3564 te
740 3508 858 3564 mature
874 3502 1011 3584 quamvis
1020 3503 1204 3578 latitantem,
1220 3504 1357 3586 quamvis

43 3606 69 3650 on
90 3590 233 3654 advocati
265 3591 495 3674 deprehendent
525 3592 735 3675 abripientque
759 3591 950 3674 negotiorum
980 3592 1098 3657 fluctus.
1142 3588 1282 3676 Denique
1305 3593 1358 3657 ubi
1455 3590 1459 3595 ’

43 3675 121 3742 ialam
137 3699 261 3763 operam
278 3683 359 3744 ame
374 3690 520 3745 navatam
535 3680 712 3764 antiquitati
727 3677 920 3762 cognoveris:
943 3683 1074 3762 posthac
1087 3690 1177 3746 tauto
1192 3683 1357 3764 impensius

43 3783 61 3826 re
72 3788 193 3853 meaque
210 3771 313 3833 studia
334 3779 442 3834 contra
458 3771 639 3848 calumnias,
661 3767 834 3834 novationis
850 3777 883 3832 et
898 3769 1089 3851 ignorantiae
1105 3772 1239 3849 soboles,
1254 3779 1340 3836 tuere
1346 3790 1356 3848 ς

43 3872 108 3938 teque
123 3858 155 3923 S.
172 3858 207 3924 Ο.
222 3859 265 3922 Μ
280 3860 616 3924 utbenevolentissime
633 3860 761 3943 coepisti
777 3859 986 3923 commendare
1002 3881 1103 3943 perge.
1138 3861 1227 3926 Vale.
1258 3858 1355 3924 Lincii

43 3942 89 4009 ln.
105 3947 231 4013 calend.
245 3949 344 4036 April.
359 3969 439 4031 anno
456 3949 699 4015 christianorum
716 3948 1143 4016 occidentalium‘MDOXIV.
1197 3961 1199 3967 '

92 4054 165 4121 Rev.
181 4056 221 4120 D.
237 4056 272 4118 Τ.
852 4133 855 4140 ,
1047 4138 1049 4143 4
1155 4133 1156 4137 ¹

422 4143 602 4212 Studiosiss.
618 4166 770 4248 venerans
784 4152 817 4209 et
832 4147 935 4210 colens
1157 4140 1160 4153 ⁴

903 4251 936 4315 S.
953 4250 987 4317 G.
1002 4252 1045 4316 Μ
1060 4251 1115 4315 &a
1130 4254 1311 4320 Mathemat.
1353 4306 1357 4314 .

963 4357 1059 4423 Jooa.
1075 4358 1243 4444 Keplerw.
1374 4350 1376 4355 ’
1410 4420 1419 4438 ,
