3112 5474
413 207 415 220 ¹
440 269 523 335 capos
533 267 587 320 xv.
612 269 682 320 serr
692 268 881 321 ιωιωιιιωιι.
935 205 937 209 v
1267 238 1328 320 361
1376 235 1383 246 ’

30 409 129 475 lumin
145 412 262 492 templo
284 418 348 474 tam
364 432 383 474 a
397 412 509 493 populo
525 417 644 474 secreto
661 411 766 476 stabat
788 413 885 476 altare
908 414 948 476 ad
962 412 1088 476 incensa
1110 414 1286 496 quotidiana
1301 423 1335 479 et

43 499 222 563 sacrificium
238 519 367 564 annuum
383 501 593 582 expiatorium,
609 509 815 582 comparatum
829 502 890 566 rid.
906 503 962 565 Dx
971 504 1023 566 30.
1039 503 1111 566 Lev.
1124 502 1172 567 I6.
1248 528 1249 535 ¹

71 589 210 653 Ulterius
233 597 266 653 et
286 591 344 653 hoc
367 590 503 653 additum
525 591 596 664 luit,
617 591 768 654 Joannem
784 600 962 674 conceptum
984 598 1074 655 nocte
1089 593 1227 674 proxima
1241 588 1332 675 post-

30 696 73 740 aur
88 684 175 742 esset
190 680 407 756 annunciatus,
431 699 469 759 ac
483 679 510 743 si
524 699 584 742 non
599 680 712 743 differri
727 682 881 762 potuisset
896 683 1054 762 conceptio
1071 682 1112 746 ad
1131 683 1220 745 finem
1235 683 1331 766 ephe-

30 767 95 831 rriae
117 776 191 849 post
206 768 367 831 reditum
357 789 389 831 ιιι
410 776 557 832 montana
571 763 724 845 Judaeae3
748 789 804 833 nec
819 772 898 834 enim
914 771 1074 834 verisimile
1090 778 1152 846 est,
1175 773 1332 853 conjugem

29 857 220 920 isahetham'
206 877 272 939 Jam
288 877 390 921 senem
405 860 515 922 marito
532 858 663 921 muneris
674 879 768 922 eausa
781 861 919 940 profecto
936 881 969 923 se
986 861 1127 923 comitem
1142 861 1330 942 adjunxisse·

30 952 79 1007 ιιι
30 946 267 1010 t'devotionis
290 967 383 1011 causa
397 949 536 1030 proiecta
552 948 668 1028 etipsa
683 950 754 1023 fuit,
775 950 957 1014 rationabile
974 950 1165 1013 nihilominus
1181 959 1245 1025 est,
1267 952 1331 1012 Za-

30 1035 117 1100 rriam
139 1036 193 1098 illa
209 1037 392 1100 abstinuisse
415 1038 514 1118 quoad
536 1044 742 1100 reverteretur
764 1038 891 1101 domum.
936 1041 1023 1102 Haec
1038 1047 1199 1121 utcumque
1214 1040 1332 1102 infirma

30 1133 45 1186 t
66 1131 99 1187 et
120 1123 254 1201 inutilia,
276 1127 427 1190 mordicus
448 1134 551 1189 tamen
566 1127 687 1188 luemnt
702 1135 838 1208 arrepta,
860 1128 1024 1210 scribitque
1041 1127 1277 1210 chrysostomus
1299 1135 1332 1192 ct

30 1214 127 1277 ionem
143 1214 311 1278 Zachariae
335 1224 367 1278 et
382 1216 610 1298 conceptionem
624 1215 752 1278 Joanuis
773 1218 887 1280 factam
908 1214 959 1281 27.
974 1213 1164 1299 Septembris
1186 1218 1274 1280 Luna
1288 1217 1332 1294 X,

30 1303 176 1366 tivitatem
189 1304 317 1367 Joannis
340 1305 392 1368 25.
407 1303 491 1368 Junii
505 1305 594 1368 Luna
608 1303 686 1380 XV;
710 1305 794 1386 cujus
816 1317 1005 1389 consequeus
1028 1315 1091 1382 est,
1112 1313 1148 1369 ut
1162 1303 1255 1370 etia‘m
1280 1307 1332 1384 25.

30 1392 85 1455 ιιιιι
100 1393 299 1456 intermedius
315 1395 356 1457 sit
370 1393 459 1457 Luna
472 1395 567 1469 XIV,
589 1393 668 1476 quod
681 1394 769 1457 Beda
785 1395 837 1458 ait
866 1396 955 1461 Hanc
971 1396 1150 1472 doctrinam,
1167 1396 1212 1459 ait
1227 1396 1330 1477 Chry·

30 1489 143 1557 tomus,
158 1501 254 1564 nuper
267 1483 367 1547 Roma
382 1484 475 1546 fuisse
491 1484 660 1546 advectam.
1369 1554 1371 1559 ,

65 1572 115 1635 En
130 1572 328 1636 fundamenta
344 1568 452 1635 calculi
468 1573 593 1636 erronei.
633 1572 754 1661 Nam'
730 1592 756 1634 ιι
769 1573 906 1636 Joannes
929 1535 1094 1654 conceptus
1117 1573 1165 1636 die
1182 1568 1233 1637 27.
1243 1571 1332 1654 Sept

30 1660 164 1724 LunaX,
179 1662 259 1724 Tisrl
275 1662 323 1724 die
340 1661 535 1744 expiationis·
552 1649 779 1744 quaeriturque
796 1680 875 1725 anno
890 1663 921 1726 id
937 1663 1002 1726 fieri
1017 1663 1159 1744 potuerit
1185 1661 1330 1743 Septem-

29 1750 127 1812 ·enim
143 1758 192 1813 est
207 1749 325 1814 Solaria
347 1752 460 1815 mensis
476 1750 555 1832 apud
570 1750 740 1814 Romanos·
764 1751 843 1814 Tisri
858 1752 1004 1815 Judaieus
1020 1759 1070 1815 est
1083 1752 1218 1814 Lunaris
1232 1764 1331 1833 vagus

30 1858 104 1903 anno
119 1839 221 1903 Solari
237 1860 294 1903 nec
314 1842 451 1904 omuibus
473 1839 561 1903 aunis
583 1840 689 1902 eadem
704 1840 753 1903 illi
773 1840 870 1902 sedes.
907 1840 1122 1923 Respondetur
1145 1847 1246 1904 autem
1268 1859 1328 1904 nnn

30 1947 40 1990 ι
55 1946 147 2009 quaur
163 1928 214 1992 45.
223 1930 346 1993 Juliano
361 1930 426 1993 lieri
442 1931 500 1992 hoc
516 1947 605 2011 quam
619 1929 755 2010 proxime
764 1930 910 2010 potuisse,
926 1930 1007 1994 circa
1017 1931 1135 2014 quidem
1145 1930 1329 1992 tricesimum

30 2015 88 2080 rum
105 2039 125 2080 a
139 2018 307 2081 ministerio
322 2014 449 2085 Christi
460 2020 529 2100 plns
545 2018 642 2081 minus
657 2025 740 2081 retro
763 2026 978 2101 computatum.
1016 2021 1097 2083 Nam
1112 2038 1191 2082 anuo
1207 2019 1258 2081 illo
1275 2018 1328 2082 45.
1402 2068 1404 2072 .

51 2103 101 2170 17.
118 2106 204 2189 Sept
227 2127 315 2171 mane
337 2109 395 2170 fuit
410 2108 615 2182 novilunium,
643 2114 676 2169 et
697 2127 827 2190 vespera
849 2109 1003 2191 sequenti,
1035 2128 1111 2190 quae
1134 2109 1266 2171 refertur
1290 2107 1329 2169 ad

35 2194 133 2278 Sept,
149 2197 330 2260 censebatur
344 2197 433 2273 Luna
453 2198 551 2279 prima
573 2196 665 2260 etsie
681 2192 732 2261 27.
748 2195 834 2277 Sept
856 2197 944 2262 Luna
958 2199 998 2260 X.
1036 2197 1219 2263 conclusum
1238 2198 1330 2278 igitur

43 2284 122 2360 illis,
150 2283 300 2348 Joannem
330 2288 545 2350 annunciatum
574 2293 606 2348 et
628 2293 806 2366 conceptum
838 2306 916 2349 anno
940 2276 1061 2350 Juliano
1083 2286 1136 2349 45.
1153 2280 1209 2350 27.
1234 2285 1331 2367 Sept,

30 2374 131 2437 ristum
148 2375 199 2439 25.
208 2376 314 2439 Martii
330 2395 400 2438 annr
392 2376 477 2451 ‘46,
491 2366 645 2438 Joauuem
662 2388 734 2438 vero
756 2382 861 2438 natum
884 2377 1022 2459 sequenti
1045 2375 1097 2438 24.
1110 2376 1202 2450 Junii,
1219 2376 1328 2439 Chris-

29 2484 38 2525 ι
60 2464 113 2527 25
128 2464 307 2528 Decembris
331 2473 461 2529 exeunte
487 2456 565 2529 anub
585 2464 646 2540 46,
676 2464 726 2547 qui
748 2465 862 2547 primns
886 2473 1061 2529 numeratur
1086 2484 1176 2528 aerae
1201 2473 1327 2528 nostrae

30 2553 152 2616 liernae.

61 2642 207 2724 Apparet
220 2643 322 2724 igitur,
344 2642 424 2723 quod
440 2643 525 2724 coepi
542 2642 642 2706 dicere
659 2641 714 2705 sub
736 2641 854 2704 initium
871 2644 981 2726 capitis
997 2644 1101 2724 hujus,
1122 2650 1244 2707 veteres
1259 2642 1329 2704 illos

30 2731 186 2807 ristianos,
211 2743 334 2814 quornm
358 2730 491 2812 vestigia
519 2732 628 2814 vulgus
653 2730 829 2795 hodiernum
853 2733 1005 2808 imitatur,
1029 2732 1149 2795 minime
1174 2732 1329 2793 censuisse

30 2820 196 2898 essarium,
218 2829 253 2883 nt
267 2821 486 2902 Evangelistae
502 2822 605 2884 Lucae
625 2839 779 2886 numemm
802 2822 888 2903 quasi
911 2822 1039 2903 triginta
1060 2821 1197 2903 praecise
1220 2820 1328 2882 obser-

30 2918 94 2972 ent
124 2911 207 2973 Nam
222 2910 261 2972 ab
278 2918 407 2973 exeunte
423 2909 476 2974 46.
484 2911 623 2987 Juliano,
646 2910 765 2992 quando
782 2909 938 2974 Christum
955 2918 1059 2974 uatum
1073 2917 1199 2992 ponunt,
1221 2909 1260 2971 ad
1276 2903 1330 2971 73.

30 3018 125 3062 anunr
142 3007 319 3075 exeuntem,
342 3002 465 3081 quando
477 3000 652 3081 baptisatus
668 3006 732 3074 est,
754 2999 825 3061 anni
840 3010 911 3064 snut
932 3020 991 3064 non
1007 3001 1110 3082 plures
1126 2991 1176 3061 27.
1209 2997 1345 3061 Eodem,
1410 3018 1413 3027 ·

30 3108 76 3171 que
99 3088 186 3169 jure,
212 3108 268 3170 quo
292 3096 324 3151 et
340 3089 410 3152 olim
433 3097 465 3152 et
486 3089 577 3151 hodie
601 3089 696 3152 omnis
720 3088 860 3152 occidens
882 3109 937 3171 pro
960 3090 1003 3153 30
1019 3095 1175 3170 computat
1198 3082 1239 3151 27
1263 3082 1329 3166 (vel

30 3198 120 3240 rmum
137 3177 180 3240 28
197 3187 231 3241 ιιι
246 3175 396 3260 dicetur),
419 3197 475 3260 ego
490 3198 545 3260 pro
562 3178 605 3261 30
621 3187 761 3259 computo
778 3178 837 3254 33,
859 3186 978 3243 tantum
994 3179 1110 3243 addens
1125 3185 1269 3260 quantum
1284 3176 1330 3239 illi

30 3275 117 3342 nunt,
140 3267 211 3348 quia
226 3286 281 3348 per
294 3268 408 3330 Lucam
430 3277 588 3350 utrumque
603 3269 691 3344 licet,
714 3288 749 3332 eo
766 3268 845 3350 qnod
866 3271 1005 3332 voculam
1027 3269 1149 3332 circiter
1168 3267 1218 3329 vel
1240 3266 1327 3349 quasi

30 3377 95 3419 nero
113 3357 276 3420 tricenario
292 3357 429 3437 adjecit*
458 3360 519 3421 Per
534 3359 612 3421 alias
628 3377 700 3421 vero
716 3357 851 3421 rationes
868 3359 937 3441 quid
953 3360 1058 3433 liceat,
1080 3359 1104 3423 si
1126 3357 1325 3430 discernatur,
1417 3389 1424 3403 ν

30 3447 160 3509 eniemus
182 3446 262 3508 hanc
283 3445 364 3509 mille
388 3466 534 3510 annorum
556 3448 803 3511 consuetudinem
819 3449 1013 3528 computandi
1036 3468 1133 3510 annos
1155 3444 1272 3509 Christi
1287 3445 1326 3507 ab

30 3556 53 3598 ro
69 3535 124 3599 46.
141 3536 261 3597 omnino
278 3536 435 3599 erroneam
452 3556 531 3613 esse,
555 3557 621 3599 cum
636 3538 774 3601 Herodes
791 3558 870 3601 anno
886 3537 938 3599 42.
955 3545 1048 3600 antea
1065 3536 1156 3600 luerit
1172 3542 1325 3597 mortuus:

33 3625 93 3687 hoc
116 3625 219 3687 libello
249 3626 485 3706 comprobatum.
529 3627 684 3690 Desinant
712 3627 805 3708 igitur
834 3628 1058 3690 obtrectatores
1087 3624 1160 3687 mihi
1182 3624 1326 3704 privatim

30 3721 123 3777 utare
140 3721 324 3776 contemtum
339 3715 474 3790 Patmm,
491 3714 681 3779 dissimulato
697 3715 870 3791 Maestlino‚
887 3716 1045 3791 Deckerio,
1069 3713 1202 3794 Suslyga
1217 3732 1325 3774 mauu-

30 3804 150 3867 toribus
172 3804 263 3882 meis,
286 3804 476 3868 dissimulato
500 3811 532 3868 et
555 3806 691 3889 exemplo
715 3806 849 3880 simili,
841 3826 871 3869 ιιι
893 3807 1063 3869 contrarias
1085 3812 1188 3866 tamen
1210 3808 1326 3883 partes,

30 3914 68 3955 us
92 3892 261 3956 occidentis
284 3915 303 3956 a
329 3893 410 3955 mille
434 3894 530 3957 aunis
581 3896 764 3976 Agnoscaut
786 3894 974 3958 tolerabilius
997 3914 1065 3957 esse
1089 3911 1188 3973 meum
1212 3890 1326 3954 laetum

39 3982 120 4044 addo
143 3982 183 4044 ad
199 3983 341 4063 triginta,
364 4002 453 4065 quam
468 3984 551 4064 vulgi
572 3984 811 4066 universalisque
828 3982 1006 4059 ecclesiae,
1012 4002 1088 4088 quae
1109 3980 1203 4045 demit
1219 3982 1256 4043 de
1272 3981 1324 4042 30.

30 4091 53 4132 n
68 4090 126 4153 ego
142 4072 262 4153 quidem
278 4091 399 4135 sensum
413 4080 557 4136 vetustas
566 4072 725 4137 Romanae
736 4074 882 4137 ecolesrae
891 4092 1015 4155 proprus
1024 4089 1165 4153 insequor
1175 4070 1324 4143 addendo,

30 4178 62 4222 nr
77 4160 121 4223 illi
136 4161 305 4224 minuendo.
336 4162 485 4242 Expletis,
500 4163 597 4244 inquit
612 4164 722 4226 rituale
737 4162 916 4237 Romanum,
912 4182 1024 4267 ..quasi
1010 4162 1076 4225 ’30
1092 4179 1238 4222 aunomm
1254 4178 1324 4222 cnr-

30 4250 91 4325 rlis;
116 4270 210 4332 eoque
227 4257 259 4313 et
275 4250 463 4314 Graecomm
479 4272 576 4315 canon
591 4254 703 4334 legitur
719 4252 805 4315 talis.
830 4253 856 4316 si
872 4250 938 4334 quis
953 4251 1082 4333 triginta
1098 4249 1211 4312 aetatis
1228 4267 1325 4311 annos

30 4360 35 4401 ι
58 4339 241 4421 expleverit,
272 4340 465 4404 nullomodo
487 4343 648 4424 presbyter
671 4329 840 4417 ordinetur,
870 4342 939 4423 quia
962 4341 1026 4404 et
1017 4361 1083 4422 rpse
1109 4338 1245 4401 dominus
1270 4338 1323 4399 dcc.

30 4437 199 4505 nconstat,
221 4422 264 4492 27
286 4449 347 4492 non
363 4448 432 4494 esse
453 4432 592 4512 expletos
615 4432 730 4507 30,at
697 4432 803 4514 atqui
825 4432 867 4494 33
884 4450 979 4493 annos
994 4428 1134 4503 habet,'
1126 4449 1151 4523 rs
1169 4428 1263 4490 etiam
1279 4426 1323 4490 30

30 4517 115 4596 ιιιιιι.

50 4608 184 4671 Dixerit
197 4607 248 4670 hic
264 4608 477 4690 chronologiae
494 4608 656 4685 studiosus,
670 4607 857 4690 inopinatum
873 4609 931 4671 hoc
947 4614 979 4670 et
989 4607 1151 4670 absurdum
1167 4604 1224 4668 sibi
1240 4603 1323 4667 acci-

30 4712 64 4769 re,
83 4699 162 4780 quod
177 4697 259 4760 inter
274 4696 541 4778 investigationem
555 4699 679 4780 originis
702 4718 792 4761 aerae
809 4698 973 4760 hodiernae
993 4696 1258 4778 praesuppositum
1274 4694 1324 4769 sit,

30 4791 127 4851 ctorem
143 4786 210 4872 ejus
225 4787 420 4852 nativitatem
435 4784 552 4855 Christi
567 4788 738 4871 reposuisse
758 4788 903 4851 adfinem
922 4785 1010 4868 primi
1031 4786 1112 4849 illius
1129 4786 1213 4850 anni:
1239 4785 1324 4868 atqui
