<?xml version="1.0" encoding="UTF-8"?>
<!DOCTYPE html PUBLIC "-//W3C//DTD XHTML 1.0 Transitional//EN"
    "http://www.w3.org/TR/xhtml1/DTD/xhtml1-transitional.dtd">
<html xmlns="http://www.w3.org/1999/xhtml" xml:lang="en" lang="en">
 <head>
  <title>
</title>
<meta http-equiv="Content-Type" content="text/html;charset=utf-8" />
  <meta name='ocr-system' content='tesseract 3.04.00' />
  <meta name='ocr-capabilities' content='ocr_page ocr_carea ocr_par ocr_line ocrx_word'/>
</head>
<body>
  <div class='ocr_page' id='page_1' title='image "./joanniskepleria13frisgoog_0409.png"; bbox 0 0 3134 5482; ppageno 0'>
   <div class='ocr_carea' id='block_1_1' title="bbox 212 207 1011 291">
    <p class='ocr_par' dir='ltr' id='par_1_1' title="bbox 212 207 1011 291">
     <span class='ocr_line' id='line_1_1' title="bbox 212 207 1011 291; baseline -0.021 -17"><span class='ocrx_word' id='word_1_1' title='bbox 212 214 274 291; x_wconf 74' lang='grc'>396</span> <span class='ocrx_word' id='word_1_2' title='bbox 731 210 840 275; x_wconf 81' lang='lat' dir='ltr'>Eclogae</span> <span class='ocrx_word' id='word_1_3' title='bbox 867 207 1011 259; x_wconf 82' lang='lat' dir='ltr'>chronicae.</span> 
     </span>
    </p>
   </div>
   <div class='ocr_carea' id='block_1_2' title="bbox 139 379 1566 3573">
    <p class='ocr_par' dir='ltr' id='par_1_2' title="bbox 139 379 1566 3215">
     <span class='ocr_line' id='line_1_2' title="bbox 213 379 1560 468; baseline -0.006 -20"><span class='ocrx_word' id='word_1_4' title='bbox 213 382 371 468; x_wconf 77' lang='lat' dir='ltr'>positione</span> <span class='ocrx_word' id='word_1_5' title='bbox 397 382 474 448; x_wconf 84' lang='lat' dir='ltr'>nibil</span> <span class='ocrx_word' id='word_1_6' title='bbox 495 382 649 467; x_wconf 21' lang='lat' dir='ltr'>impedit..</span> <span class='ocrx_word' id='word_1_7' title='bbox 685 384 747 450; x_wconf 91' lang='lat' dir='ltr'>Ubi</span> <span class='ocrx_word' id='word_1_8' title='bbox 769 383 811 448; x_wconf 89' lang='lat' dir='ltr'>ad</span> <span class='ocrx_word' id='word_1_9' title='bbox 833 381 1051 448; x_wconf 78' lang='lat' dir='ltr'>narrationem</span> <span class='ocrx_word' id='word_1_10' title='bbox 1074 381 1168 460; x_wconf 87' lang='lat' dir='ltr'>venit,</span> <span class='ocrx_word' id='word_1_11' title='bbox 1193 384 1263 464; x_wconf 86' lang='lat' dir='ltr'>jam</span> <span class='ocrx_word' id='word_1_12' title='bbox 1285 379 1391 463; x_wconf 76' lang='lat' dir='ltr'>incipit</span> <span class='ocrx_word' id='word_1_13' title='bbox 1409 399 1427 442; x_wconf 90' lang='lat' dir='ltr'>a</span> <span class='ocrx_word' id='word_1_14' title='bbox 1443 398 1490 462; x_wconf 81' lang='lat' dir='ltr'>pra</span> <span class='ocrx_word' id='word_1_15' title='bbox 1552 404 1560 439; x_wconf 65' lang='lat'>¹.</span> 
     </span>
     <span class='ocr_line' id='line_1_3' title="bbox 210 471 1564 558; baseline -0.007 -19"><span class='ocrx_word' id='word_1_16' title='bbox 210 473 345 539; x_wconf 77' lang='lat' dir='ltr'>sectione</span> <span class='ocrx_word' id='word_1_17' title='bbox 379 473 538 550; x_wconf 88' lang='lat' dir='ltr'>Tiridatis,</span> <span class='ocrx_word' id='word_1_18' title='bbox 572 471 734 558; x_wconf 77' lang='lat' dir='ltr'>subjungit</span> <span class='ocrx_word' id='word_1_19' title='bbox 768 473 852 537; x_wconf 89' lang='lat' dir='ltr'>diem</span> <span class='ocrx_word' id='word_1_20' title='bbox 885 492 1027 551; x_wconf 80' lang='lat' dir='ltr'>auream,</span> <span class='ocrx_word' id='word_1_21' title='bbox 1067 471 1209 537; x_wconf 78' lang='lat' dir='ltr'>citharae</span> <span class='ocrx_word' id='word_1_22' title='bbox 1245 473 1388 546; x_wconf 76' lang='lat' dir='ltr'>cautum,</span> <span class='ocrx_word' id='word_1_23' title='bbox 1415 487 1496 532; x_wconf 86' lang='lat' dir='ltr'>curru</span> <span class='ocrx_word' id='word_1_24' title='bbox 1561 504 1564 514; x_wconf 87' lang='lat'><em>·</em></span> 
     </span>
     <span class='ocr_line' id='line_1_4' title="bbox 212 557 1556 645; baseline -0.004 -21"><span class='ocrx_word' id='word_1_25' title='bbox 212 561 449 644; x_wconf 63' lang='lat' dir='ltr'>agitationem:</span> <span class='ocrx_word' id='word_1_26' title='bbox 466 581 551 642; x_wconf 79' lang='lat' dir='ltr'>quse</span> <span class='ocrx_word' id='word_1_27' title='bbox 582 569 613 625; x_wconf 88' lang='lat' dir='ltr'>et</span> <span class='ocrx_word' id='word_1_28' title='bbox 643 561 714 644; x_wconf 89' lang='lat' dir='ltr'>ipsa</span> <span class='ocrx_word' id='word_1_29' title='bbox 743 568 837 625; x_wconf 89' lang='lat' dir='ltr'>erant</span> <span class='ocrx_word' id='word_1_30' title='bbox 865 560 898 627; x_wconf 93' lang='lat' dir='ltr'>in</span> <span class='ocrx_word' id='word_1_31' title='bbox 927 560 1153 645; x_wconf 81' lang='lat' dir='ltr'>propositione.</span> <span class='ocrx_word' id='word_1_32' title='bbox 1200 557 1245 637; x_wconf 88' lang='lat' dir='ltr'>Si,</span> <span class='ocrx_word' id='word_1_33' title='bbox 1269 558 1347 638; x_wconf 89' lang='lat' dir='ltr'>quia</span> <span class='ocrx_word' id='word_1_34' title='bbox 1367 557 1411 622; x_wconf 87' lang='lat' dir='ltr'>bis</span> <span class='ocrx_word' id='word_1_35' title='bbox 1429 557 1500 620; x_wconf 83' lang='lat' dir='ltr'>reiut</span> <span class='ocrx_word' id='word_1_36' title='bbox 1555 576 1556 579; x_wconf 45' lang='lat'>¹</span> 
     </span>
     <span class='ocr_line' id='line_1_5' title="bbox 211 645 1566 732; baseline -0.008 -18"><span class='ocrx_word' id='word_1_37' title='bbox 211 651 252 714; x_wconf 91' lang='lat' dir='ltr'>de</span> <span class='ocrx_word' id='word_1_38' title='bbox 274 648 431 728; x_wconf 83' lang='lat' dir='ltr'>curribus,</span> <span class='ocrx_word' id='word_1_39' title='bbox 454 647 502 713; x_wconf 89' lang='lat' dir='ltr'>bis</span> <span class='ocrx_word' id='word_1_40' title='bbox 525 649 612 715; x_wconf 85' lang='lat' dir='ltr'>Nero</span> <span class='ocrx_word' id='word_1_41' title='bbox 636 672 749 714; x_wconf 89' lang='lat' dir='ltr'>currus</span> <span class='ocrx_word' id='word_1_42' title='bbox 772 650 912 732; x_wconf 85' lang='lat' dir='ltr'>agitavit,</span> <span class='ocrx_word' id='word_1_43' title='bbox 934 648 982 714; x_wconf 92' lang='lat' dir='ltr'>bis</span> <span class='ocrx_word' id='word_1_44' title='bbox 1004 650 1101 731; x_wconf 79' lang='lat' dir='ltr'>igitur</span> <span class='ocrx_word' id='word_1_45' title='bbox 1122 648 1208 713; x_wconf 88' lang='lat' dir='ltr'>Nero</span> <span class='ocrx_word' id='word_1_46' title='bbox 1226 645 1402 710; x_wconf 84' lang='lat' dir='ltr'>Tiridatem</span> <span class='ocrx_word' id='word_1_47' title='bbox 1419 646 1500 709; x_wconf 78' lang='lat' dir='ltr'>diade</span> <span class='ocrx_word' id='word_1_48' title='bbox 1565 698 1566 703; x_wconf 73' lang='grc'>,</span> 
     </span>
     <span class='ocr_line' id='line_1_6' title="bbox 209 735 1505 818; baseline -0.005 -16"><span class='ocrx_word' id='word_1_49' title='bbox 209 745 296 802; x_wconf 90' lang='lat' dir='ltr'>mate</span> <span class='ocrx_word' id='word_1_50' title='bbox 318 737 462 816; x_wconf 77' lang='lat' dir='ltr'>revinxit,</span> <span class='ocrx_word' id='word_1_51' title='bbox 482 738 561 818; x_wconf 86' lang='lat' dir='ltr'>quia</span> <span class='ocrx_word' id='word_1_52' title='bbox 585 745 617 802; x_wconf 89' lang='lat' dir='ltr'>et</span> <span class='ocrx_word' id='word_1_53' title='bbox 631 739 691 804; x_wconf 91' lang='lat' dir='ltr'>hoc</span> <span class='ocrx_word' id='word_1_54' title='bbox 714 738 762 803; x_wconf 92' lang='lat' dir='ltr'>bis</span> <span class='ocrx_word' id='word_1_55' title='bbox 785 741 932 804; x_wconf 79' lang='lat' dir='ltr'>retertur.</span> <span class='ocrx_word' id='word_1_56' title='bbox 967 739 1036 803; x_wconf 82' lang='lat' dir='ltr'>Etsi</span> <span class='ocrx_word' id='word_1_57' title='bbox 1049 757 1159 802; x_wconf 83' lang='lat' dir='ltr'>verum</span> <span class='ocrx_word' id='word_1_58' title='bbox 1175 758 1214 815; x_wconf 83' lang='lat' dir='ltr'>ex</span> <span class='ocrx_word' id='word_1_59' title='bbox 1235 736 1359 815; x_wconf 88' lang='lat' dir='ltr'>Tacito,</span> <span class='ocrx_word' id='word_1_60' title='bbox 1375 735 1505 799; x_wconf 81' lang='lat' dir='ltr'>Neronem</span> 
     </span>
     <span class='ocr_line' id='line_1_7' title="bbox 209 822 1508 910; baseline -0.005 -19"><span class='ocrx_word' id='word_1_61' title='bbox 209 827 306 891; x_wconf 71' lang='lat' dir='ltr'>etiarm</span> <span class='ocrx_word' id='word_1_62' title='bbox 328 832 404 890; x_wconf 88' lang='lat' dir='ltr'>aute</span> <span class='ocrx_word' id='word_1_63' title='bbox 427 825 577 892; x_wconf 73' lang='lat' dir='ltr'>Tiridatis</span> <span class='ocrx_word' id='word_1_64' title='bbox 598 828 772 893; x_wconf 74' lang='lat' dir='ltr'>aclventum</span> <span class='ocrx_word' id='word_1_65' title='bbox 793 828 932 909; x_wconf 59' lang='lat' dir='ltr'>agitasse</span> <span class='ocrx_word' id='word_1_66' title='bbox 948 848 1075 906; x_wconf 78' lang='lat' dir='ltr'>curius,</span> <span class='ocrx_word' id='word_1_67' title='bbox 1098 824 1154 891; x_wconf 88' lang='lat' dir='ltr'>sed</span> <span class='ocrx_word' id='word_1_68' title='bbox 1170 823 1336 910; x_wconf 79' lang='lat' dir='ltr'>prioribus</span> <span class='ocrx_word' id='word_1_69' title='bbox 1354 822 1508 888; x_wconf 88' lang='lat' dir='ltr'>consulibu</span> 
     </span>
     <span class='ocr_line' id='line_1_8' title="bbox 210 913 1509 998; baseline -0.005 -18"><span class='ocrx_word' id='word_1_70' title='bbox 210 936 296 980; x_wconf 90' lang='lat' dir='ltr'>anno</span> <span class='ocrx_word' id='word_1_71' title='bbox 324 914 442 998; x_wconf 84' lang='lat' dir='ltr'>priore.</span> <span class='ocrx_word' id='word_1_72' title='bbox 487 915 529 980; x_wconf 88' lang='lat' dir='ltr'>Et</span> <span class='ocrx_word' id='word_1_73' title='bbox 558 915 651 981; x_wconf 82' lang='lat' dir='ltr'>facile</span> <span class='ocrx_word' id='word_1_74' title='bbox 681 917 752 998; x_wconf 89' lang='lat' dir='ltr'>quis</span> <span class='ocrx_word' id='word_1_75' title='bbox 782 917 815 981; x_wconf 93' lang='lat' dir='ltr'>iu</span> <span class='ocrx_word' id='word_1_76' title='bbox 841 916 924 982; x_wconf 88' lang='lat' dir='ltr'>hauc</span> <span class='ocrx_word' id='word_1_77' title='bbox 953 916 1108 981; x_wconf 87' lang='lat' dir='ltr'>concedat</span> <span class='ocrx_word' id='word_1_78' title='bbox 1136 914 1344 991; x_wconf 85' lang='lat' dir='ltr'>sententiam,</span> <span class='ocrx_word' id='word_1_79' title='bbox 1375 913 1509 976; x_wconf 86' lang='lat' dir='ltr'>Neroneo</span> 
     </span>
     <span class='ocr_line' id='line_1_9' title="bbox 209 998 1512 1091; baseline -0.004 -23"><span class='ocrx_word' id='word_1_80' title='bbox 209 1024 296 1068; x_wconf 91' lang='lat' dir='ltr'>anno</span> <span class='ocrx_word' id='word_1_81' title='bbox 319 1003 418 1085; x_wconf 86' lang='lat' dir='ltr'>priori</span> <span class='ocrx_word' id='word_1_82' title='bbox 440 1003 490 1068; x_wconf 83' lang='lat' dir='ltr'>vel</span> <span class='ocrx_word' id='word_1_83' title='bbox 513 1003 597 1071; x_wconf 86' lang='lat' dir='ltr'>ludis</span> <span class='ocrx_word' id='word_1_84' title='bbox 620 1004 752 1091; x_wconf 88' lang='lat' dir='ltr'>plebejis</span> <span class='ocrx_word' id='word_1_85' title='bbox 768 1007 806 1071; x_wconf 53' lang='lat' dir='ltr'>,irr</span> <span class='ocrx_word' id='word_1_86' title='bbox 822 1005 905 1070; x_wconf 91' lang='lat' dir='ltr'>circo</span> <span class='ocrx_word' id='word_1_87' title='bbox 924 1010 976 1069; x_wconf 78' lang='lat'>17.</span> <span class='ocrx_word' id='word_1_88' title='bbox 994 998 1062 1070; x_wconf 82' lang='lat' dir='ltr'>Cal.</span> <span class='ocrx_word' id='word_1_89' title='bbox 1080 1005 1168 1083; x_wconf 80' lang='lat' dir='ltr'>nec,</span> <span class='ocrx_word' id='word_1_90' title='bbox 1190 1001 1242 1068; x_wconf 78' lang='lat' dir='ltr'>rel</span> <span class='ocrx_word' id='word_1_91' title='bbox 1259 1001 1371 1066; x_wconf 89' lang='lat' dir='ltr'>Idibus</span> <span class='ocrx_word' id='word_1_92' title='bbox 1387 1002 1465 1065; x_wconf 86' lang='lat' dir='ltr'>Dece</span> <span class='ocrx_word' id='word_1_93' title='bbox 1491 999 1512 1062; x_wconf 85' lang='lat' dir='ltr'>b.</span> 
     </span>
     <span class='ocr_line' id='line_1_10' title="bbox 209 1087 1514 1175; baseline -0.007 -16"><span class='ocrx_word' id='word_1_94' title='bbox 209 1092 319 1159; x_wconf 83' lang='lat' dir='ltr'>cursui</span> <span class='ocrx_word' id='word_1_95' title='bbox 341 1111 500 1173; x_wconf 86' lang='lat' dir='ltr'>equorum</span> <span class='ocrx_word' id='word_1_96' title='bbox 522 1092 690 1158; x_wconf 89' lang='lat' dir='ltr'>destinatis</span> <span class='ocrx_word' id='word_1_97' title='bbox 719 1094 768 1175; x_wconf 81' lang='lat' dir='ltr'>(id</span> <span class='ocrx_word' id='word_1_98' title='bbox 788 1093 872 1158; x_wconf 90' lang='lat' dir='ltr'>eninr</span> <span class='ocrx_word' id='word_1_99' title='bbox 894 1091 1064 1158; x_wconf 87' lang='lat' dir='ltr'>confirmat</span> <span class='ocrx_word' id='word_1_100' title='bbox 1084 1094 1212 1158; x_wconf 86' lang='lat' dir='ltr'>Tacitus</span> <span class='ocrx_word' id='word_1_101' title='bbox 1235 1091 1268 1154; x_wconf 92' lang='lat' dir='ltr'>iu</span> <span class='ocrx_word' id='word_1_102' title='bbox 1291 1090 1455 1166; x_wconf 81' lang='lat' dir='ltr'>Thrasea),</span> <span class='ocrx_word' id='word_1_103' title='bbox 1478 1087 1514 1151; x_wconf 82' lang='lat' dir='ltr'>rel</span> 
     </span>
     <span class='ocr_line' id='line_1_11' title="bbox 205 1177 1515 1266; baseline -0.002 -23"><span class='ocrx_word' id='word_1_104' title='bbox 205 1178 415 1266; x_wconf 84' lang='lat' dir='ltr'>juvenalibus</span> <span class='ocrx_word' id='word_1_105' title='bbox 437 1188 469 1245; x_wconf 85' lang='grc'>9.</span> <span class='ocrx_word' id='word_1_106' title='bbox 494 1181 564 1246; x_wconf 84' lang='lat' dir='ltr'>Cal.</span> <span class='ocrx_word' id='word_1_107' title='bbox 586 1182 733 1261; x_wconf 72' lang='lat' dir='ltr'>Januar,</span> <span class='ocrx_word' id='word_1_108' title='bbox 759 1181 810 1247; x_wconf 82' lang='lat' dir='ltr'>rel</span> <span class='ocrx_word' id='word_1_109' title='bbox 833 1182 974 1263; x_wconf 89' lang='lat' dir='ltr'>denique</span> <span class='ocrx_word' id='word_1_110' title='bbox 996 1181 1184 1263; x_wconf 80' lang='lat' dir='ltr'>agonalibus</span> <span class='ocrx_word' id='word_1_111' title='bbox 1205 1177 1339 1244; x_wconf 86' lang='lat' dir='ltr'>lustrali</span> <span class='ocrx_word' id='word_1_112' title='bbox 1361 1177 1515 1244; x_wconf 84' lang='lat' dir='ltr'>certamine</span> 
     </span>
     <span class='ocr_line' id='line_1_12' title="bbox 213 1268 1515 1356; baseline -0.005 -21"><span class='ocrx_word' id='word_1_113' title='bbox 213 1275 243 1335; x_wconf 82' lang='lat'>3.</span> <span class='ocrx_word' id='word_1_114' title='bbox 266 1268 314 1333; x_wconf 91' lang='lat' dir='ltr'>ld.</span> <span class='ocrx_word' id='word_1_115' title='bbox 338 1269 414 1334; x_wconf 83' lang='lat' dir='ltr'>Dec.</span> <span class='ocrx_word' id='word_1_116' title='bbox 439 1270 578 1352; x_wconf 82' lang='lat' dir='ltr'>agitasse</span> <span class='ocrx_word' id='word_1_117' title='bbox 599 1270 668 1350; x_wconf 87' lang='lat' dir='ltr'>illa,</span> <span class='ocrx_word' id='word_1_118' title='bbox 692 1292 777 1355; x_wconf 89' lang='lat' dir='ltr'>quae</span> <span class='ocrx_word' id='word_1_119' title='bbox 798 1275 1027 1356; x_wconf 87' lang='lat' dir='ltr'>commemorat</span> <span class='ocrx_word' id='word_1_120' title='bbox 1038 1270 1179 1348; x_wconf 86' lang='lat' dir='ltr'>Tacitus,</span> <span class='ocrx_word' id='word_1_121' title='bbox 1201 1268 1302 1349; x_wconf 61' lang='lat' dir='ltr'>idque</span> <span class='ocrx_word' id='word_1_122' title='bbox 1318 1288 1360 1330; x_wconf 84' lang='lat' dir='ltr'>ex</span> <span class='ocrx_word' id='word_1_123' title='bbox 1371 1287 1457 1329; x_wconf 90' lang='lat' dir='ltr'>more</span> <span class='ocrx_word' id='word_1_124' title='bbox 1464 1269 1515 1351; x_wconf 83' lang='lat' dir='ltr'>jan</span> 
     </span>
     <span class='ocr_line' id='line_1_13' title="bbox 211 1354 1515 1443; baseline -0.003 -23"><span class='ocrx_word' id='word_1_125' title='bbox 211 1364 354 1440; x_wconf 78' lang='lat' dir='ltr'>recept03</span> <span class='ocrx_word' id='word_1_126' title='bbox 383 1379 467 1422; x_wconf 90' lang='lat' dir='ltr'>anno</span> <span class='ocrx_word' id='word_1_127' title='bbox 491 1379 565 1423; x_wconf 79' lang='lat' dir='ltr'>uero</span> <span class='ocrx_word' id='word_1_128' title='bbox 586 1359 645 1424; x_wconf 90' lang='lat' dir='ltr'>hoc</span> <span class='ocrx_word' id='word_1_129' title='bbox 668 1360 838 1443; x_wconf 87' lang='lat' dir='ltr'>posteriori</span> <span class='ocrx_word' id='word_1_130' title='bbox 860 1359 914 1423; x_wconf 77' lang='lat' dir='ltr'>vol·</span> <span class='ocrx_word' id='word_1_131' title='bbox 930 1358 1117 1441; x_wconf 85' lang='lat' dir='ltr'>agonalibus</span> <span class='ocrx_word' id='word_1_132' title='bbox 1142 1365 1172 1423; x_wconf 83' lang='lat'>5.</span> <span class='ocrx_word' id='word_1_133' title='bbox 1195 1356 1243 1421; x_wconf 92' lang='lat' dir='ltr'>Id.</span> <span class='ocrx_word' id='word_1_134' title='bbox 1266 1357 1356 1435; x_wconf 79' lang='lat' dir='ltr'>dam,</span> <span class='ocrx_word' id='word_1_135' title='bbox 1378 1354 1428 1418; x_wconf 79' lang='lat' dir='ltr'>rel</span> <span class='ocrx_word' id='word_1_136' title='bbox 1448 1354 1515 1417; x_wconf 87' lang='lat' dir='ltr'>ludis</span> 
     </span>
     <span class='ocr_line' id='line_1_14' title="bbox 210 1441 1515 1531; baseline -0.003 -22"><span class='ocrx_word' id='word_1_137' title='bbox 210 1445 362 1531; x_wconf 84' lang='lat' dir='ltr'>palatinis</span> <span class='ocrx_word' id='word_1_138' title='bbox 385 1451 436 1512; x_wconf 88' lang='lat' dir='ltr'>lo.</span> <span class='ocrx_word' id='word_1_139' title='bbox 454 1445 523 1511; x_wconf 86' lang='lat' dir='ltr'>Cal.</span> <span class='ocrx_word' id='word_1_140' title='bbox 540 1446 617 1511; x_wconf 84' lang='lat' dir='ltr'>Feb.</span> <span class='ocrx_word' id='word_1_141' title='bbox 633 1447 681 1513; x_wconf 86' lang='lat' dir='ltr'>vel</span> <span class='ocrx_word' id='word_1_142' title='bbox 697 1449 824 1529; x_wconf 84' lang='lat' dir='ltr'>equinis</span> <span class='ocrx_word' id='word_1_143' title='bbox 842 1455 878 1512; x_wconf 76' lang='lat' dir='ltr'>b.</span> <span class='ocrx_word' id='word_1_144' title='bbox 896 1446 964 1513; x_wconf 84' lang='lat' dir='ltr'>Cal.</span> <span class='ocrx_word' id='word_1_145' title='bbox 981 1446 1085 1526; x_wconf 74' lang='lat' dir='ltr'>reor,</span> <span class='ocrx_word' id='word_1_146' title='bbox 1108 1446 1156 1511; x_wconf 88' lang='lat' dir='ltr'>vel</span> <span class='ocrx_word' id='word_1_147' title='bbox 1171 1446 1312 1527; x_wconf 91' lang='lat' dir='ltr'>denique</span> <span class='ocrx_word' id='word_1_148' title='bbox 1328 1450 1422 1507; x_wconf 84' lang='lat' dir='ltr'>extra</span> <span class='ocrx_word' id='word_1_149' title='bbox 1441 1441 1515 1506; x_wconf 85' lang='lat' dir='ltr'>ludo</span> 
     </span>
     <span class='ocr_line' id='line_1_15' title="bbox 212 1531 1516 1615; baseline -0.002 -17"><span class='ocrx_word' id='word_1_150' title='bbox 212 1556 284 1598; x_wconf 90' lang='lat' dir='ltr'>rum</span> <span class='ocrx_word' id='word_1_151' title='bbox 307 1534 385 1614; x_wconf 88' lang='lat' dir='ltr'>dies,</span> <span class='ocrx_word' id='word_1_152' title='bbox 408 1541 535 1600; x_wconf 89' lang='lat' dir='ltr'>tantum</span> <span class='ocrx_word' id='word_1_153' title='bbox 556 1536 589 1599; x_wconf 91' lang='lat' dir='ltr'>in</span> <span class='ocrx_word' id='word_1_154' title='bbox 611 1535 765 1614; x_wconf 81' lang='lat' dir='ltr'>honorem</span> <span class='ocrx_word' id='word_1_155' title='bbox 787 1537 951 1615; x_wconf 83' lang='lat' dir='ltr'>Tiridatis,</span> <span class='ocrx_word' id='word_1_156' title='bbox 979 1535 1108 1600; x_wconf 85' lang='lat' dir='ltr'>rediisse</span> <span class='ocrx_word' id='word_1_157' title='bbox 1130 1534 1173 1601; x_wconf 88' lang='lat' dir='ltr'>ed</span> <span class='ocrx_word' id='word_1_158' title='bbox 1195 1555 1312 1599; x_wconf 90' lang='lat' dir='ltr'>currus</span> <span class='ocrx_word' id='word_1_159' title='bbox 1336 1554 1424 1598; x_wconf 90' lang='lat' dir='ltr'>suos.</span> <span class='ocrx_word' id='word_1_160' title='bbox 1451 1531 1516 1604; x_wconf 85' lang='lat' dir='ltr'>Nau</span> 
     </span>
     <span class='ocr_line' id='line_1_16' title="bbox 210 1620 1515 1709; baseline -0.003 -21"><span class='ocrx_word' id='word_1_161' title='bbox 210 1623 366 1688; x_wconf 71' lang='lat' dir='ltr'>ianuario</span> <span class='ocrx_word' id='word_1_162' title='bbox 398 1623 572 1690; x_wconf 86' lang='lat' dir='ltr'>exhibitum</span> <span class='ocrx_word' id='word_1_163' title='bbox 599 1625 786 1706; x_wconf 85' lang='lat' dir='ltr'>Tiridatem,</span> <span class='ocrx_word' id='word_1_164' title='bbox 808 1623 893 1709; x_wconf 8' lang='lat' dir='ltr'>‘aliis</span> <span class='ocrx_word' id='word_1_165' title='bbox 922 1624 1030 1688; x_wconf 54' lang='lat' dir='ltr'>literis*</span> <span class='ocrx_word' id='word_1_166' title='bbox 1050 1623 1183 1709; x_wconf 89' lang='lat' dir='ltr'>probavi</span> <span class='ocrx_word' id='word_1_167' title='bbox 1210 1644 1251 1686; x_wconf 80' lang='lat' dir='ltr'>ex</span> <span class='ocrx_word' id='word_1_168' title='bbox 1273 1622 1398 1686; x_wconf 88' lang='lat' dir='ltr'>Tacito.</span> <span class='ocrx_word' id='word_1_169' title='bbox 1442 1620 1515 1684; x_wconf 84' lang='lat' dir='ltr'>Initio</span> 
     </span>
     <span class='ocr_line' id='line_1_17' title="bbox 208 1708 1514 1799; baseline -0.003 -23"><span class='ocrx_word' id='word_1_170' title='bbox 208 1712 287 1776; x_wconf 90' lang='lat' dir='ltr'>anni</span> <span class='ocrx_word' id='word_1_171' title='bbox 315 1710 557 1799; x_wconf 78' lang='lat' dir='ltr'>adestltomae</span> <span class='ocrx_word' id='word_1_172' title='bbox 584 1714 742 1795; x_wconf 78' lang='lat' dir='ltr'>Antistius</span> <span class='ocrx_word' id='word_1_173' title='bbox 769 1714 922 1781; x_wconf 83' lang='lat' dir='ltr'>Sosianus</span> <span class='ocrx_word' id='word_1_174' title='bbox 951 1711 1035 1790; x_wconf 84' lang='lat' dir='ltr'>exul,</span> <span class='ocrx_word' id='word_1_175' title='bbox 1067 1713 1211 1777; x_wconf 81' lang='lat' dir='ltr'>deserens</span> <span class='ocrx_word' id='word_1_176' title='bbox 1235 1710 1392 1775; x_wconf 89' lang='lat' dir='ltr'>Anteium</span> <span class='ocrx_word' id='word_1_177' title='bbox 1415 1708 1514 1773; x_wconf 87' lang='lat' dir='ltr'>Ostori-</span> 
     </span>
     <span class='ocr_line' id='line_1_18' title="bbox 209 1798 1514 1884; baseline -0.003 -20"><span class='ocrx_word' id='word_1_178' title='bbox 209 1821 338 1882; x_wconf 88' lang='lat' dir='ltr'>umque.</span> <span class='ocrx_word' id='word_1_179' title='bbox 385 1803 496 1884; x_wconf 80' lang='lat' dir='ltr'>Atque</span> <span class='ocrx_word' id='word_1_180' title='bbox 520 1802 541 1867; x_wconf 91' lang='lat' dir='ltr'>ii</span> <span class='ocrx_word' id='word_1_181' title='bbox 568 1804 634 1868; x_wconf 83' lang='lat' dir='ltr'>vita</span> <span class='ocrx_word' id='word_1_182' title='bbox 662 1803 793 1869; x_wconf 89' lang='lat' dir='ltr'>abeunt.</span> <span class='ocrx_word' id='word_1_183' title='bbox 838 1803 961 1866; x_wconf 87' lang='lat' dir='ltr'>Paucos</span> <span class='ocrx_word' id='word_1_184' title='bbox 984 1802 1071 1866; x_wconf 83' lang='lat' dir='ltr'>intra</span> <span class='ocrx_word' id='word_1_185' title='bbox 1093 1800 1159 1881; x_wconf 81' lang='lat' dir='ltr'>dies</span> <span class='ocrx_word' id='word_1_186' title='bbox 1183 1799 1297 1865; x_wconf 89' lang='lat' dir='ltr'>eodem</span> <span class='ocrx_word' id='word_1_187' title='bbox 1321 1798 1445 1882; x_wconf 83' lang='lat' dir='ltr'>agmine</span> <span class='ocrx_word' id='word_1_188' title='bbox 1465 1800 1514 1862; x_wconf 88' lang='lat' dir='ltr'>An·</span> 
     </span>
     <span class='ocr_line' id='line_1_19' title="bbox 208 1886 1516 1974; baseline -0.003 -21"><span class='ocrx_word' id='word_1_189' title='bbox 208 1910 299 1967; x_wconf 88' lang='lat' dir='ltr'>usus,</span> <span class='ocrx_word' id='word_1_190' title='bbox 322 1888 432 1969; x_wconf 84' lang='lat' dir='ltr'>Mella,</span> <span class='ocrx_word' id='word_1_191' title='bbox 456 1889 607 1970; x_wconf 78' lang='lat' dir='ltr'>Cerealis,</span> <span class='ocrx_word' id='word_1_192' title='bbox 630 1893 760 1957; x_wconf 84' lang='lat' dir='ltr'>Anicius</span> <span class='ocrx_word' id='word_1_193' title='bbox 783 1892 896 1970; x_wconf 83' lang='lat' dir='ltr'>Ratira,</span> <span class='ocrx_word' id='word_1_194' title='bbox 920 1891 1085 1974; x_wconf 72' lang='lat' dir='ltr'>Griaqrinus</span> <span class='ocrx_word' id='word_1_195' title='bbox 1098 1886 1516 1962; x_wconf 80' lang='lat' dir='ltr'>etC.Petronius&#39;oecidere,</span> 
     </span>
     <span class='ocr_line' id='line_1_20' title="bbox 209 1977 1515 2066; baseline -0.003 -25"><span class='ocrx_word' id='word_1_196' title='bbox 209 1984 242 2041; x_wconf 89' lang='lat' dir='ltr'>et</span> <span class='ocrx_word' id='word_1_197' title='bbox 264 1978 432 2042; x_wconf 84' lang='lat' dir='ltr'>Petronius</span> <span class='ocrx_word' id='word_1_198' title='bbox 464 1979 592 2060; x_wconf 89' lang='lat' dir='ltr'>quidem</span> <span class='ocrx_word' id='word_1_199' title='bbox 613 1980 677 2044; x_wconf 90' lang='lat' dir='ltr'>illis</span> <span class='ocrx_word' id='word_1_200' title='bbox 701 1979 823 2066; x_wconf 87' lang='lat' dir='ltr'>diebus,</span> <span class='ocrx_word' id='word_1_201' title='bbox 851 1978 968 2061; x_wconf 91' lang='lat' dir='ltr'>quibus</span> <span class='ocrx_word' id='word_1_202' title='bbox 991 1979 1200 2061; x_wconf 76' lang='lat' dir='ltr'>Campaniam</span> <span class='ocrx_word' id='word_1_203' title='bbox 1221 1977 1384 2062; x_wconf 82' lang='lat' dir='ltr'>petiverat</span> <span class='ocrx_word' id='word_1_204' title='bbox 1407 1977 1515 2049; x_wconf 77' lang='lat' dir='ltr'>Caesar,</span> 
     </span>
     <span class='ocr_line' id='line_1_21' title="bbox 210 2065 1513 2148; baseline -0.005 -17"><span class='ocrx_word' id='word_1_205' title='bbox 210 2065 354 2147; x_wconf 80' lang='lat' dir='ltr'>intellige</span> <span class='ocrx_word' id='word_1_206' title='bbox 388 2067 421 2130; x_wconf 89' lang='lat' dir='ltr'>in</span> <span class='ocrx_word' id='word_1_207' title='bbox 456 2087 622 2134; x_wconf 88' lang='lat' dir='ltr'>occursum</span> <span class='ocrx_word' id='word_1_208' title='bbox 660 2068 819 2135; x_wconf 83' lang='lat' dir='ltr'>Tiridatis.</span> <span class='ocrx_word' id='word_1_209' title='bbox 880 2068 1020 2134; x_wconf 87' lang='lat' dir='ltr'>Videsne</span> <span class='ocrx_word' id='word_1_210' title='bbox 1057 2068 1270 2148; x_wconf 85' lang='lat' dir='ltr'>arctissimam</span> <span class='ocrx_word' id='word_1_211' title='bbox 1312 2085 1422 2128; x_wconf 89' lang='lat' dir='ltr'>rerum</span> <span class='ocrx_word' id='word_1_212' title='bbox 1456 2084 1513 2126; x_wconf 91' lang='lat' dir='ltr'>con·</span> 
     </span>
     <span class='ocr_line' id='line_1_22' title="bbox 208 2151 1513 2241; baseline -0.004 -22"><span class='ocrx_word' id='word_1_213' title='bbox 208 2157 376 2219; x_wconf 81' lang='lat' dir='ltr'>nexionem</span> <span class='ocrx_word' id='word_1_214' title='bbox 406 2177 478 2220; x_wconf 89' lang='lat' dir='ltr'>curn</span> <span class='ocrx_word' id='word_1_215' title='bbox 499 2157 654 2241; x_wconf 89' lang='lat' dir='ltr'>principio</span> <span class='ocrx_word' id='word_1_216' title='bbox 677 2159 773 2222; x_wconf 73' lang='lat' dir='ltr'>anni?</span> <span class='ocrx_word' id='word_1_217' title='bbox 808 2155 899 2223; x_wconf 88' lang='lat' dir='ltr'>Adde</span> <span class='ocrx_word' id='word_1_218' title='bbox 927 2162 960 2220; x_wconf 91' lang='lat' dir='ltr'>et</span> <span class='ocrx_word' id='word_1_219' title='bbox 982 2156 1061 2220; x_wconf 80' lang='lat' dir='ltr'>ista:</span> <span class='ocrx_word' id='word_1_220' title='bbox 1084 2155 1127 2220; x_wconf 89' lang='lat' dir='ltr'>ad</span> <span class='ocrx_word' id='word_1_221' title='bbox 1149 2162 1352 2239; x_wconf 87' lang='lat' dir='ltr'>postremum</span> <span class='ocrx_word' id='word_1_222' title='bbox 1368 2154 1451 2217; x_wconf 79' lang='lat' dir='ltr'>Nera</span> <span class='ocrx_word' id='word_1_223' title='bbox 1471 2151 1513 2214; x_wconf 87' lang='lat' dir='ltr'>ad·</span> 
     </span>
     <span class='ocr_line' id='line_1_23' title="bbox 205 2241 1514 2330; baseline -0.003 -23"><span class='ocrx_word' id='word_1_224' title='bbox 205 2244 283 2328; x_wconf 74' lang='lat' dir='ltr'>jecit</span> <span class='ocrx_word' id='word_1_225' title='bbox 318 2245 433 2307; x_wconf 85' lang='lat' dir='ltr'>cet&#39;cris</span> <span class='ocrx_word' id='word_1_226' title='bbox 463 2243 600 2309; x_wconf 87' lang='lat' dir='ltr'>Baream</span> <span class='ocrx_word' id='word_1_227' title='bbox 631 2251 790 2330; x_wconf 75' lang='lat' dir='ltr'>Soranum</span> <span class='ocrx_word' id='word_1_228' title='bbox 822 2252 854 2310; x_wconf 89' lang='lat' dir='ltr'>et</span> <span class='ocrx_word' id='word_1_229' title='bbox 884 2245 1059 2310; x_wconf 78' lang='lat' dir='ltr'>Thraseam</span> <span class='ocrx_word' id='word_1_230' title='bbox 1089 2245 1238 2309; x_wconf 88' lang='lat' dir='ltr'>Paetum.</span> <span class='ocrx_word' id='word_1_231' title='bbox 1295 2244 1336 2308; x_wconf 80' lang='lat' dir='ltr'>Ei</span> <span class='ocrx_word' id='word_1_232' title='bbox 1366 2241 1514 2326; x_wconf 82' lang='lat' dir='ltr'>objectum,</span> 
     </span>
     <span class='ocr_line' id='line_1_24' title="bbox 208 2331 1514 2420; baseline -0.003 -25"><span class='ocrx_word' id='word_1_233' title='bbox 208 2331 364 2415; x_wconf 87' lang='lat' dir='ltr'>principio</span> <span class='ocrx_word' id='word_1_234' title='bbox 395 2333 471 2397; x_wconf 86' lang='lat' dir='ltr'>anni</span> <span class='ocrx_word' id='word_1_235' title='bbox 497 2335 598 2399; x_wconf 79' lang='lat' dir='ltr'>vitare</span> <span class='ocrx_word' id='word_1_236' title='bbox 626 2335 757 2399; x_wconf 82' lang='lat' dir='ltr'>solenne</span> <span class='ocrx_word' id='word_1_237' title='bbox 781 2338 1012 2420; x_wconf 87' lang='lat' dir='ltr'>juramentum,</span> <span class='ocrx_word' id='word_1_238' title='bbox 1044 2339 1076 2397; x_wconf 90' lang='lat' dir='ltr'>et</span> <span class='ocrx_word' id='word_1_239' title='bbox 1098 2354 1185 2416; x_wconf 88' lang='lat' dir='ltr'>quae</span> <span class='ocrx_word' id='word_1_240' title='bbox 1206 2332 1322 2396; x_wconf 84' lang='lat' dir='ltr'>fecerit</span> <span class='ocrx_word' id='word_1_241' title='bbox 1345 2331 1514 2413; x_wconf 71' lang='lat' dir='ltr'>nupseram,</span> 
     </span>
     <span class='ocr_line' id='line_1_25' title="bbox 209 2415 1513 2489; baseline -0.005 -5"><span class='ocrx_word' id='word_1_242' title='bbox 209 2441 283 2485; x_wconf 77' lang='lat' dir='ltr'>crim</span> <span class='ocrx_word' id='word_1_243' title='bbox 312 2421 355 2485; x_wconf 92' lang='lat' dir='ltr'>ad</span> <span class='ocrx_word' id='word_1_244' title='bbox 383 2423 577 2487; x_wconf 87' lang='lat' dir='ltr'>coercendos</span> <span class='ocrx_word' id='word_1_245' title='bbox 607 2423 751 2488; x_wconf 85' lang='lat' dir='ltr'>Silanum</span> <span class='ocrx_word' id='word_1_246' title='bbox 778 2432 811 2488; x_wconf 89' lang='lat' dir='ltr'>et</span> <span class='ocrx_word' id='word_1_247' title='bbox 838 2425 987 2489; x_wconf 79' lang='lat' dir='ltr'>Veterem</span> <span class='ocrx_word' id='word_1_248' title='bbox 1016 2424 1163 2487; x_wconf 87' lang='lat' dir='ltr'>certatim</span> <span class='ocrx_word' id='word_1_249' title='bbox 1192 2421 1451 2485; x_wconf 78' lang='lat' dir='ltr'>concurreretur.</span> <span class='ocrx_word' id='word_1_250' title='bbox 1487 2415 1513 2480; x_wconf 86' lang='lat' dir='ltr'>ld</span> 
     </span>
     <span class='ocr_line' id='line_1_26' title="bbox 209 2501 1512 2598; baseline -0.005 -26"><span class='ocrx_word' id='word_1_251' title='bbox 209 2509 271 2573; x_wconf 85' lang='lat' dir='ltr'>init</span> <span class='ocrx_word' id='word_1_252' title='bbox 291 2531 375 2576; x_wconf 89' lang='lat' dir='ltr'>anno</span> <span class='ocrx_word' id='word_1_253' title='bbox 398 2511 561 2594; x_wconf 87' lang='lat' dir='ltr'>superiore</span> <span class='ocrx_word' id='word_1_254' title='bbox 583 2524 656 2594; x_wconf 88' lang='lat' dir='ltr'>post</span> <span class='ocrx_word' id='word_1_255' title='bbox 674 2513 838 2598; x_wconf 80' lang='lat' dir='ltr'>juvenalis</span> <span class='ocrx_word' id='word_1_256' title='bbox 860 2517 1061 2592; x_wconf 82' lang='lat' dir='ltr'>mortemque</span> <span class='ocrx_word' id='word_1_257' title='bbox 1080 2512 1251 2594; x_wconf 76' lang='lat' dir='ltr'>Poppaeae</span> <span class='ocrx_word' id='word_1_258' title='bbox 1275 2501 1417 2581; x_wconf 81' lang='lat' dir='ltr'>exehute</span> <span class='ocrx_word' id='word_1_259' title='bbox 1436 2527 1512 2583; x_wconf 83' lang='lat' dir='ltr'>armo,</span> 
     </span>
     <span class='ocr_line' id='line_1_27' title="bbox 139 2594 1514 2683; baseline -0.004 -22"><span class='ocrx_word' id='word_1_260' title='bbox 139 2596 143 2609; x_wconf 86' lang='grc'><strong>’</strong></span> <span class='ocrx_word' id='word_1_261' title='bbox 207 2596 391 2682; x_wconf 88' lang='lat' dir='ltr'>diciturque</span> <span class='ocrx_word' id='word_1_262' title='bbox 413 2600 597 2683; x_wconf 87' lang='lat' dir='ltr'>nuperrime</span> <span class='ocrx_word' id='word_1_263' title='bbox 619 2600 751 2669; x_wconf 82' lang='lat' dir='ltr'>facturn.</span> <span class='ocrx_word' id='word_1_264' title='bbox 792 2603 939 2682; x_wconf 87' lang='lat' dir='ltr'>Denique</span> <span class='ocrx_word' id='word_1_265' title='bbox 960 2599 1076 2664; x_wconf 91' lang='lat' dir='ltr'>horum</span> <span class='ocrx_word' id='word_1_266' title='bbox 1095 2599 1261 2665; x_wconf 74' lang='lat' dir='ltr'>damnatio</span> <span class='ocrx_word' id='word_1_267' title='bbox 1277 2600 1383 2675; x_wconf 73' lang='lat' dir='ltr'>tacta,</span> <span class='ocrx_word' id='word_1_268' title='bbox 1406 2594 1514 2678; x_wconf 86' lang='lat' dir='ltr'>quando</span> 
     </span>
     <span class='ocr_line' id='line_1_28' title="bbox 212 2683 1514 2770; baseline -0.004 -20"><span class='ocrx_word' id='word_1_269' title='bbox 212 2687 373 2753; x_wconf 83' lang='lat' dir='ltr'>Tiridates</span> <span class='ocrx_word' id='word_1_270' title='bbox 400 2689 541 2753; x_wconf 51' lang='lat' dir='ltr'>¹Romam</span> <span class='ocrx_word' id='word_1_271' title='bbox 571 2690 711 2755; x_wconf 82' lang='lat' dir='ltr'>aduenit.</span> <span class='ocrx_word' id='word_1_272' title='bbox 756 2691 805 2755; x_wconf 85' lang='lat' dir='ltr'>En</span> <span class='ocrx_word' id='word_1_273' title='bbox 832 2691 950 2754; x_wconf 91' lang='lat' dir='ltr'>iterum</span> <span class='ocrx_word' id='word_1_274' title='bbox 972 2687 1121 2755; x_wconf 81' lang='lat' dir='ltr'>Tiridatis</span> <span class='ocrx_word' id='word_1_275' title='bbox 1150 2689 1331 2770; x_wconf 79' lang='lat' dir='ltr'>ingressum</span> <span class='ocrx_word' id='word_1_276' title='bbox 1362 2686 1395 2749; x_wconf 91' lang='lat' dir='ltr'>in</span> <span class='ocrx_word' id='word_1_277' title='bbox 1425 2683 1514 2748; x_wconf 78' lang='lat' dir='ltr'>iuben</span> 
     </span>
     <span class='ocr_line' id='line_1_29' title="bbox 173 2776 1511 2861; baseline -0.004 -21"><span class='ocrx_word' id='word_1_278' title='bbox 173 2802 175 2807; x_wconf 55' lang='lat'><strong><em>¹</em></strong></span> <span class='ocrx_word' id='word_1_279' title='bbox 210 2796 317 2842; x_wconf 85' lang='lat' dir='ltr'>meuse</span> <span class='ocrx_word' id='word_1_280' title='bbox 340 2779 467 2843; x_wconf 88' lang='lat' dir='ltr'>omnino</span> <span class='ocrx_word' id='word_1_281' title='bbox 489 2778 656 2858; x_wconf 75' lang='lat' dir='ltr'>laudario.</span> <span class='ocrx_word' id='word_1_282' title='bbox 703 2779 793 2857; x_wconf 79' lang='lat' dir='ltr'>Quod</span> <span class='ocrx_word' id='word_1_283' title='bbox 815 2780 912 2861; x_wconf 82' lang='lat' dir='ltr'>igitru·</span> <span class='ocrx_word' id='word_1_284' title='bbox 933 2799 1054 2842; x_wconf 82' lang='lat' dir='ltr'>novem·</span> <span class='ocrx_word' id='word_1_285' title='bbox 1067 2779 1093 2841; x_wconf 84' lang='lat' dir='ltr'>is</span> <span class='ocrx_word' id='word_1_286' title='bbox 1115 2797 1241 2843; x_wconf 82' lang='lat' dir='ltr'>menses</span> <span class='ocrx_word' id='word_1_287' title='bbox 1265 2777 1296 2840; x_wconf 91' lang='lat' dir='ltr'>in</span> <span class='ocrx_word' id='word_1_288' title='bbox 1321 2776 1435 2841; x_wconf 87' lang='lat' dir='ltr'>itinere</span> <span class='ocrx_word' id='word_1_289' title='bbox 1455 2793 1511 2836; x_wconf 87' lang='lat' dir='ltr'>con·</span> 
     </span>
     <span class='ocr_line' id='line_1_30' title="bbox 209 2861 1513 2950; baseline -0.004 -21"><span class='ocrx_word' id='word_1_290' title='bbox 209 2862 340 2945; x_wconf 86' lang='lat' dir='ltr'>sumsit,</span> <span class='ocrx_word' id='word_1_291' title='bbox 370 2867 392 2932; x_wconf 90' lang='lat' dir='ltr'>ii</span> <span class='ocrx_word' id='word_1_292' title='bbox 420 2866 571 2932; x_wconf 80' lang='lat' dir='ltr'>recidunt</span> <span class='ocrx_word' id='word_1_293' title='bbox 600 2867 661 2933; x_wconf 88' lang='lat' dir='ltr'>sub</span> <span class='ocrx_word' id='word_1_294' title='bbox 689 2869 813 2950; x_wconf 86' lang='lat' dir='ltr'>priores</span> <span class='ocrx_word' id='word_1_295' title='bbox 841 2866 987 2932; x_wconf 85' lang='lat' dir='ltr'>consules</span> <span class='ocrx_word' id='word_1_296' title='bbox 1013 2867 1152 2930; x_wconf 78' lang='lat' dir='ltr'>Nervam</span> <span class='ocrx_word' id='word_1_297' title='bbox 1181 2872 1224 2931; x_wconf 88' lang='lat' dir='ltr'>et·</span> <span class='ocrx_word' id='word_1_298' title='bbox 1241 2865 1422 2929; x_wconf 81' lang='lat' dir='ltr'>Vestinum.</span> <span class='ocrx_word' id='word_1_299' title='bbox 1462 2861 1513 2926; x_wconf 76' lang='lat' dir='ltr'>n&#39;a</span> 
     </span>
     <span class='ocr_line' id='line_1_31' title="bbox 206 2949 1513 3039; baseline -0.005 -21"><span class='ocrx_word' id='word_1_300' title='bbox 206 2954 326 3018; x_wconf 89' lang='lat' dir='ltr'>mirum</span> <span class='ocrx_word' id='word_1_301' title='bbox 352 2954 411 3019; x_wconf 90' lang='lat' dir='ltr'>hoc</span> <span class='ocrx_word' id='word_1_302' title='bbox 434 2957 548 3033; x_wconf 86' lang='lat' dir='ltr'>rel&#39;ero,</span> <span class='ocrx_word' id='word_1_303' title='bbox 572 2957 747 3039; x_wconf 85' lang='lat' dir='ltr'>perfectum</span> <span class='ocrx_word' id='word_1_304' title='bbox 762 2957 868 3021; x_wconf 76' lang='lat' dir='ltr'>Nerva</span> <span class='ocrx_word' id='word_1_305' title='bbox 883 2960 916 3018; x_wconf 90' lang='lat' dir='ltr'>et</span> <span class='ocrx_word' id='word_1_306' title='bbox 931 2955 1062 3020; x_wconf 86' lang='lat' dir='ltr'>Vestino</span> <span class='ocrx_word' id='word_1_307' title='bbox 1081 2957 1181 3034; x_wconf 70' lang='lat' dir='ltr'>Coss,</span> <span class='ocrx_word' id='word_1_308' title='bbox 1207 2975 1280 3019; x_wconf 90' lang='lat' dir='ltr'>cum</span> <span class='ocrx_word' id='word_1_309' title='bbox 1296 2952 1331 3017; x_wconf 94' lang='lat' dir='ltr'>id</span> <span class='ocrx_word' id='word_1_310' title='bbox 1353 2949 1513 3036; x_wconf 86' lang='lat' dir='ltr'>promiserit</span> 
     </span>
     <span class='ocr_line' id='line_1_32' title="bbox 207 3041 1513 3126; baseline -0.005 -19"><span class='ocrx_word' id='word_1_311' title='bbox 207 3042 357 3107; x_wconf 81' lang='lat' dir='ltr'>Memmio</span> <span class='ocrx_word' id='word_1_312' title='bbox 387 3041 511 3123; x_wconf 78' lang='lat' dir='ltr'>Regulo</span> <span class='ocrx_word' id='word_1_313' title='bbox 543 3050 575 3115; x_wconf 91' lang='lat' dir='ltr'>et</span> <span class='ocrx_word' id='word_1_314' title='bbox 606 3045 745 3125; x_wconf 74' lang='lat' dir='ltr'>Virginio</span> <span class='ocrx_word' id='word_1_315' title='bbox 776 3045 858 3110; x_wconf 82' lang='lat' dir='ltr'>liut&#39;o</span> <span class='ocrx_word' id='word_1_316' title='bbox 883 3046 983 3121; x_wconf 71' lang='lat' dir='ltr'>Cras,</span> <span class='ocrx_word' id='word_1_317' title='bbox 1011 3043 1156 3126; x_wconf 88' lang='lat' dir='ltr'>deposito</span> <span class='ocrx_word' id='word_1_318' title='bbox 1186 3044 1317 3107; x_wconf 87' lang='lat' dir='ltr'>iuterim</span> <span class='ocrx_word' id='word_1_319' title='bbox 1346 3041 1513 3111; x_wconf 76' lang='lat' dir='ltr'>(hederate,</span> 
     </span>
     <span class='ocr_line' id='line_1_33' title="bbox 207 3127 1170 3215; baseline -0.001 -20"><span class='ocrx_word' id='word_1_320' title='bbox 207 3133 442 3215; x_wconf 71' lang='lat' dir='ltr'>cessaveritque&#39;</span> <span class='ocrx_word' id='word_1_321' title='bbox 462 3133 597 3197; x_wconf 77' lang='lat' dir='ltr'>Iecamo</span> <span class='ocrx_word' id='word_1_322' title='bbox 620 3140 653 3196; x_wconf 92' lang='lat' dir='ltr'>et</span> <span class='ocrx_word' id='word_1_323' title='bbox 676 3134 796 3198; x_wconf 81' lang='lat' dir='ltr'>Licinio</span> <span class='ocrx_word' id='word_1_324' title='bbox 810 3127 905 3200; x_wconf 73' lang='lat' dir='ltr'>Coss.</span> <span class='ocrx_word' id='word_1_325' title='bbox 928 3152 1013 3197; x_wconf 87' lang='lat' dir='ltr'>anno</span> <span class='ocrx_word' id='word_1_326' title='bbox 1035 3133 1170 3209; x_wconf 78' lang='lat' dir='ltr'>integro.</span> 
     </span>
    </p>

    <p class='ocr_par' dir='ltr' id='par_1_3' title="bbox 207 3217 1561 3573">
     <span class='ocr_line' id='line_1_34' title="bbox 297 3217 1513 3304; baseline -0.005 -20"><span class='ocrx_word' id='word_1_327' title='bbox 297 3221 385 3285; x_wconf 88' lang='lat' dir='ltr'>Haeo</span> <span class='ocrx_word' id='word_1_328' title='bbox 414 3223 458 3286; x_wconf 87' lang='lat' dir='ltr'>sic</span> <span class='ocrx_word' id='word_1_329' title='bbox 485 3222 616 3303; x_wconf 75' lang='lat' dir='ltr'>polulus</span> <span class='ocrx_word' id='word_1_330' title='bbox 638 3222 760 3301; x_wconf 83' lang='lat' dir='ltr'>digesta</span> <span class='ocrx_word' id='word_1_331' title='bbox 784 3231 821 3286; x_wconf 87' lang='lat' dir='ltr'>tu</span> <span class='ocrx_word' id='word_1_332' title='bbox 843 3222 994 3304; x_wconf 83' lang='lat' dir='ltr'>‹liscerpis</span> <span class='ocrx_word' id='word_1_333' title='bbox 1015 3219 1152 3302; x_wconf 84' lang='lat' dir='ltr'>longius,</span> <span class='ocrx_word' id='word_1_334' title='bbox 1175 3220 1274 3284; x_wconf 83' lang='lat' dir='ltr'>aliam</span> <span class='ocrx_word' id='word_1_335' title='bbox 1296 3223 1418 3303; x_wconf 84' lang='lat' dir='ltr'>putans</span> <span class='ocrx_word' id='word_1_336' title='bbox 1439 3217 1513 3280; x_wconf 69' lang='lat' dir='ltr'>iamt</span> 
     </span>
     <span class='ocr_line' id='line_1_35' title="bbox 207 3303 1561 3399; baseline -0.004 -27"><span class='ocrx_word' id='word_1_337' title='bbox 207 3307 345 3373; x_wconf 88' lang='lat' dir='ltr'>Neronis</span> <span class='ocrx_word' id='word_1_338' title='bbox 367 3313 586 3375; x_wconf 85' lang='lat' dir='ltr'>excursionem</span> <span class='ocrx_word' id='word_1_339' title='bbox 608 3312 641 3374; x_wconf 91' lang='lat' dir='ltr'>in</span> <span class='ocrx_word' id='word_1_340' title='bbox 658 3312 876 3394; x_wconf 75' lang='lat' dir='ltr'>campanam.</span> <span class='ocrx_word' id='word_1_341' title='bbox 899 3311 931 3374; x_wconf 92' lang='lat' dir='ltr'>in</span> <span class='ocrx_word' id='word_1_342' title='bbox 950 3320 1015 3392; x_wconf 91' lang='lat' dir='ltr'>qua</span> <span class='ocrx_word' id='word_1_343' title='bbox 1027 3309 1199 3374; x_wconf 80' lang='lat' dir='ltr'>Petronius</span> <span class='ocrx_word' id='word_1_344' title='bbox 1214 3309 1410 3372; x_wconf 86' lang='lat' dir='ltr'>sententiam</span> <span class='ocrx_word' id='word_1_345' title='bbox 1425 3303 1513 3371; x_wconf 77' lang='lat' dir='ltr'>mortis</span> <span class='ocrx_word' id='word_1_346' title='bbox 1556 3358 1561 3399; x_wconf 61' lang='lat'>3</span> 
     </span>
     <span class='ocr_line' id='line_1_36' title="bbox 207 3397 1561 3489; baseline -0.003 -29"><span class='ocrx_word' id='word_1_347' title='bbox 207 3399 343 3480; x_wconf 86' lang='lat' dir='ltr'>accepit,</span> <span class='ocrx_word' id='word_1_348' title='bbox 366 3400 524 3463; x_wconf 74' lang='lat' dir='ltr'>relerente</span> <span class='ocrx_word' id='word_1_349' title='bbox 546 3400 668 3479; x_wconf 69' lang='lat' dir='ltr'>&#39;Tacita</span> <span class='ocrx_word' id='word_1_350' title='bbox 696 3419 797 3481; x_wconf 89' lang='lat' dir='ltr'>quarn</span> <span class='ocrx_word' id='word_1_351' title='bbox 819 3421 900 3477; x_wconf 86' lang='lat' dir='ltr'>eam,</span> <span class='ocrx_word' id='word_1_352' title='bbox 924 3420 990 3482; x_wconf 81' lang='lat' dir='ltr'>qua</span> <span class='ocrx_word' id='word_1_353' title='bbox 1012 3399 1152 3464; x_wconf 81' lang='lat' dir='ltr'>occurrit</span> <span class='ocrx_word' id='word_1_354' title='bbox 1174 3400 1261 3463; x_wconf 79' lang='lat' dir='ltr'>h‘ero</span> <span class='ocrx_word' id='word_1_355' title='bbox 1284 3397 1435 3474; x_wconf 89' lang='lat' dir='ltr'>Tiridati,</span> <span class='ocrx_word' id='word_1_356' title='bbox 1459 3412 1513 3457; x_wconf 80' lang='lat' dir='ltr'>cum</span> <span class='ocrx_word' id='word_1_357' title='bbox 1557 3399 1561 3489; x_wconf 92' lang='lat'>3</span> 
     </span>
     <span class='ocr_line' id='line_1_37' title="bbox 208 3487 1559 3573; baseline 0.001 -24"><span class='ocrx_word' id='word_1_358' title='bbox 208 3491 316 3550; x_wconf 87' lang='lat' dir='ltr'>tamen</span> <span class='ocrx_word' id='word_1_359' title='bbox 340 3487 452 3560; x_wconf 87' lang='lat' dir='ltr'>eadem</span> <span class='ocrx_word' id='word_1_360' title='bbox 474 3488 581 3568; x_wconf 82' lang='lat' dir='ltr'>fuerit,</span> <span class='ocrx_word' id='word_1_361' title='bbox 606 3495 643 3552; x_wconf 88' lang='lat' dir='ltr'>ut</span> <span class='ocrx_word' id='word_1_362' title='bbox 665 3487 795 3554; x_wconf 86' lang='lat' dir='ltr'>audisti.</span> <span class='ocrx_word' id='word_1_363' title='bbox 1555 3505 1559 3573; x_wconf 72' lang='lat'>²,</span> 
     </span>
    </p>
   </div>
   <div class='ocr_carea' id='block_1_3' title="bbox 1555 3579 1559 3592">
    <p class='ocr_par' dir='ltr' id='par_1_4' title="bbox 1555 3579 1559 3592">
     <span class='ocr_line' id='line_1_38' title="bbox 1555 3579 1559 3592; baseline 0 -2"><span class='ocrx_word' id='word_1_364' title='bbox 1555 3579 1559 3592; x_wconf 69' lang='lat' dir='ltr'>,a</span> 
     </span>
    </p>
   </div>
   <div class='ocr_carea' id='block_1_4' title="bbox 99 3590 1559 4318">
    <p class='ocr_par' dir='ltr' id='par_1_5' title="bbox 207 3590 1559 3759">
     <span class='ocr_line' id='line_1_39' title="bbox 221 3590 1559 3683; baseline -0.007 -23"><span class='ocrx_word' id='word_1_365' title='bbox 221 3636 222 3640; x_wconf 62' lang='lat'><em>=</em></span> <span class='ocrx_word' id='word_1_366' title='bbox 286 3607 457 3662; x_wconf 80' lang='lat' dir='ltr'>Calvisius</span> <span class='ocrx_word' id='word_1_367' title='bbox 488 3611 578 3680; x_wconf 81' lang='lat' dir='ltr'>(Epist.</span> <span class='ocrx_word' id='word_1_368' title='bbox 598 3614 654 3677; x_wconf 61' lang='lat' dir='ltr'>xl:</span> <span class='ocrx_word' id='word_1_369' title='bbox 702 3612 747 3664; x_wconf 86' lang='lat' dir='ltr'>Ad</span> <span class='ocrx_word' id='word_1_370' title='bbox 776 3609 849 3662; x_wconf 80' lang='lat' dir='ltr'>haec</span> <span class='ocrx_word' id='word_1_371' title='bbox 875 3590 1097 3662; x_wconf 85' lang='lat' dir='ltr'>Hecatonrbueon</span> <span class='ocrx_word' id='word_1_372' title='bbox 1128 3605 1227 3659; x_wconf 80' lang='lat' dir='ltr'>mensis</span> <span class='ocrx_word' id='word_1_373' title='bbox 1260 3622 1342 3659; x_wconf 88' lang='lat' dir='ltr'>sacer</span> <span class='ocrx_word' id='word_1_374' title='bbox 1373 3613 1433 3660; x_wconf 56' lang='lat' dir='ltr'>erat&gt;</span> <span class='ocrx_word' id='word_1_375' title='bbox 1458 3600 1512 3656; x_wconf 74' lang='lat' dir='ltr'>ludis</span> <span class='ocrx_word' id='word_1_376' title='bbox 1555 3591 1559 3683; x_wconf 96' lang='lat'>3</span> 
     </span>
     <span class='ocr_line' id='line_1_40' title="bbox 207 3678 1558 3759; baseline 0 -19"><span class='ocrx_word' id='word_1_377' title='bbox 207 3688 354 3756; x_wconf 71' lang='lat' dir='ltr'>Olympico</span> <span class='ocrx_word' id='word_1_378' title='bbox 385 3690 513 3759; x_wconf 75' lang='lat' dir='ltr'>agendis,</span> <span class='ocrx_word' id='word_1_379' title='bbox 545 3707 594 3742; x_wconf 88' lang='lat' dir='ltr'>nec</span> <span class='ocrx_word' id='word_1_380' title='bbox 626 3689 666 3750; x_wconf 86' lang='lat' dir='ltr'>ita</span> <span class='ocrx_word' id='word_1_381' title='bbox 691 3689 718 3742; x_wconf 91' lang='lat' dir='ltr'>in</span> <span class='ocrx_word' id='word_1_382' title='bbox 745 3689 799 3743; x_wconf 85' lang='lat' dir='ltr'>alio</span> <span class='ocrx_word' id='word_1_383' title='bbox 826 3706 918 3741; x_wconf 79' lang='lat' dir='ltr'>meurse</span> <span class='ocrx_word' id='word_1_384' title='bbox 944 3688 1043 3757; x_wconf 81' lang='lat' dir='ltr'>peragi</span> <span class='ocrx_word' id='word_1_385' title='bbox 1069 3695 1209 3756; x_wconf 83' lang='lat' dir='ltr'>poterunt;</span> <span class='ocrx_word' id='word_1_386' title='bbox 1237 3687 1340 3738; x_wconf 82' lang='lat' dir='ltr'>Graeci</span> <span class='ocrx_word' id='word_1_387' title='bbox 1368 3695 1395 3739; x_wconf 88' lang='lat' dir='ltr'>et</span> <span class='ocrx_word' id='word_1_388' title='bbox 1420 3678 1511 3739; x_wconf 71' lang='lat' dir='ltr'>nomn</span> <span class='ocrx_word' id='word_1_389' title='bbox 1555 3683 1558 3740; x_wconf 61' lang='lat' dir='ltr'>l</span> 
     </span>
    </p>

    <p class='ocr_par' dir='ltr' id='par_1_6' title="bbox 99 3754 1558 4318">
     <span class='ocr_line' id='line_1_41' title="bbox 99 3754 1558 3839; baseline -0.005 -19"><span class='ocrx_word' id='word_1_390' title='bbox 99 3773 104 3787; x_wconf 68' lang='lat'><em>¹</em></span> <span class='ocrx_word' id='word_1_391' title='bbox 206 3760 289 3830; x_wconf 81' lang='lat' dir='ltr'>etiarn</span> <span class='ocrx_word' id='word_1_392' title='bbox 310 3768 490 3837; x_wconf 83' lang='lat' dir='ltr'>superstitiosi</span> <span class='ocrx_word' id='word_1_393' title='bbox 510 3759 622 3822; x_wconf 79' lang='lat' dir='ltr'>inerunt</span> <span class='ocrx_word' id='word_1_394' title='bbox 643 3770 669 3823; x_wconf 89' lang='lat' dir='ltr'>in</span> <span class='ocrx_word' id='word_1_395' title='bbox 691 3769 776 3822; x_wconf 77' lang='lat' dir='ltr'>sacris</span> <span class='ocrx_word' id='word_1_396' title='bbox 797 3769 853 3820; x_wconf 76' lang='lat' dir='ltr'>suis</span> <span class='ocrx_word' id='word_1_397' title='bbox 874 3769 1010 3821; x_wconf 80' lang='lat' dir='ltr'>mensibus</span> <span class='ocrx_word' id='word_1_398' title='bbox 1031 3766 1206 3837; x_wconf 79' lang='lat' dir='ltr'>peragendis.</span> <span class='ocrx_word' id='word_1_399' title='bbox 1248 3766 1409 3839; x_wconf 74' lang='lat' dir='ltr'>llenretrius</span> <span class='ocrx_word' id='word_1_400' title='bbox 1429 3763 1510 3818; x_wconf 80' lang='lat' dir='ltr'>Polior</span> <span class='ocrx_word' id='word_1_401' title='bbox 1556 3754 1558 3807; x_wconf 66' lang='grc' dir='ltr'>ἶ</span> 
     </span>
     <span class='ocr_line' id='line_1_42' title="bbox 205 3842 1557 3911; baseline -0.001 -11"><span class='ocrx_word' id='word_1_402' title='bbox 205 3855 280 3900; x_wconf 77' lang='lat' dir='ltr'>cetea</span> <span class='ocrx_word' id='word_1_403' title='bbox 306 3865 366 3900; x_wconf 89' lang='lat' dir='ltr'>cunr</span> <span class='ocrx_word' id='word_1_404' title='bbox 392 3850 476 3902; x_wconf 79' lang='lat' dir='ltr'>vellet</span> <span class='ocrx_word' id='word_1_405' title='bbox 494 3850 620 3911; x_wconf 83' lang='lat' dir='ltr'>Athenis,</span> <span class='ocrx_word' id='word_1_406' title='bbox 646 3849 668 3901; x_wconf 84' lang='lat' dir='ltr'>si</span> <span class='ocrx_word' id='word_1_407' title='bbox 689 3858 765 3902; x_wconf 82' lang='lat' dir='ltr'>recte</span> <span class='ocrx_word' id='word_1_408' title='bbox 786 3848 902 3909; x_wconf 79' lang='lat' dir='ltr'>memini,</span> <span class='ocrx_word' id='word_1_409' title='bbox 929 3847 1006 3901; x_wconf 81' lang='lat' dir='ltr'>Isidis</span> <span class='ocrx_word' id='word_1_410' title='bbox 1027 3848 1114 3901; x_wconf 82' lang='lat' dir='ltr'>sacris</span> <span class='ocrx_word' id='word_1_411' title='bbox 1133 3846 1245 3906; x_wconf 68' lang='lat' dir='ltr'>initiari,</span> <span class='ocrx_word' id='word_1_412' title='bbox 1272 3863 1324 3898; x_wconf 80' lang='lat' dir='ltr'>nce</span> <span class='ocrx_word' id='word_1_413' title='bbox 1346 3845 1449 3903; x_wconf 69' lang='lat' dir='ltr'>mean.</span> <span class='ocrx_word' id='word_1_414' title='bbox 1473 3855 1511 3910; x_wconf 63' lang='lat' dir='ltr'>qm</span> <span class='ocrx_word' id='word_1_415' title='bbox 1555 3842 1557 3864; x_wconf 79' lang='lat'>³</span> 
     </span>
     <span class='ocr_line' id='line_1_43' title="bbox 205 3913 1557 3999; baseline -0.003 -20"><span class='ocrx_word' id='word_1_416' title='bbox 205 3927 306 3996; x_wconf 78' lang='lat' dir='ltr'>peragi</span> <span class='ocrx_word' id='word_1_417' title='bbox 331 3918 469 3991; x_wconf 79' lang='lat' dir='ltr'>solebant,</span> <span class='ocrx_word' id='word_1_418' title='bbox 496 3931 619 3991; x_wconf 78' lang='lat' dir='ltr'>adesset,</span> <span class='ocrx_word' id='word_1_419' title='bbox 644 3929 753 3999; x_wconf 87' lang='lat' dir='ltr'>publico</span> <span class='ocrx_word' id='word_1_420' title='bbox 779 3929 867 3983; x_wconf 88' lang='lat' dir='ltr'>edicto</span> <span class='ocrx_word' id='word_1_421' title='bbox 893 3928 920 3981; x_wconf 89' lang='lat' dir='ltr'>in</span> <span class='ocrx_word' id='word_1_422' title='bbox 946 3927 1065 3981; x_wconf 79' lang='lat' dir='ltr'>Graecia</span> <span class='ocrx_word' id='word_1_423' title='bbox 1087 3927 1258 3996; x_wconf 84' lang='lat' dir='ltr'>propositum</span> <span class='ocrx_word' id='word_1_424' title='bbox 1284 3925 1354 3987; x_wconf 81' lang='lat' dir='ltr'>fuit,</span> <span class='ocrx_word' id='word_1_425' title='bbox 1380 3935 1409 3977; x_wconf 83' lang='lat' dir='ltr'>ut</span> <span class='ocrx_word' id='word_1_426' title='bbox 1433 3919 1510 3989; x_wconf 63' lang='lat' dir='ltr'>mensis</span> <span class='ocrx_word' id='word_1_427' title='bbox 1553 3913 1557 3947; x_wconf 64' lang='lat'>³</span> 
     </span>
     <span class='ocr_line' id='line_1_44' title="bbox 205 4004 1555 4079; baseline -0.006 -18"><span class='ocrx_word' id='word_1_428' title='bbox 205 4007 309 4061; x_wconf 84' lang='lat' dir='ltr'>instau&#39;s</span> <span class='ocrx_word' id='word_1_429' title='bbox 329 4023 378 4076; x_wconf 89' lang='lat' dir='ltr'>pro</span> <span class='ocrx_word' id='word_1_430' title='bbox 400 4025 432 4061; x_wconf 89' lang='lat' dir='ltr'>eo</span> <span class='ocrx_word' id='word_1_431' title='bbox 453 4009 610 4071; x_wconf 76' lang='lat' dir='ltr'>haberetur.</span> <span class='ocrx_word' id='word_1_432' title='bbox 632 4008 678 4079; x_wconf 91' lang='lat' dir='ltr'>qui</span> <span class='ocrx_word' id='word_1_433' title='bbox 698 4025 776 4061; x_wconf 84' lang='lat' dir='ltr'>sacer</span> <span class='ocrx_word' id='word_1_434' title='bbox 798 4016 871 4062; x_wconf 85' lang='lat' dir='ltr'>esset</span> <span class='ocrx_word' id='word_1_435' title='bbox 890 4007 975 4061; x_wconf 86' lang='lat' dir='ltr'>sacris</span> <span class='ocrx_word' id='word_1_436' title='bbox 997 4007 1074 4061; x_wconf 82' lang='lat' dir='ltr'>Isidis</span> <span class='ocrx_word' id='word_1_437' title='bbox 1095 4007 1277 4076; x_wconf 78' lang='lat' dir='ltr'>peragendis3</span> <span class='ocrx_word' id='word_1_438' title='bbox 1299 4006 1417 4058; x_wconf 84' lang='lat' dir='ltr'>historia</span> <span class='ocrx_word' id='word_1_439' title='bbox 1436 4004 1509 4055; x_wconf 70' lang='lat' dir='ltr'>exstat</span> <span class='ocrx_word' id='word_1_440' title='bbox 1554 4015 1555 4030; x_wconf 63' lang='lat'>¹</span> 
     </span>
     <span class='ocr_line' id='line_1_45' title="bbox 206 4081 1509 4162; baseline -0.006 -22"><span class='ocrx_word' id='word_1_441' title='bbox 206 4089 279 4156; x_wconf 85' lang='lat' dir='ltr'>apud</span> <span class='ocrx_word' id='word_1_442' title='bbox 299 4087 486 4150; x_wconf 81' lang='lat' dir='ltr'>Plutarchum.</span> <span class='ocrx_word' id='word_1_443' title='bbox 508 4088 627 4162; x_wconf 18' lang='lat' dir='ltr'>quivjanr</span> <span class='ocrx_word' id='word_1_444' title='bbox 649 4107 702 4142; x_wconf 92' lang='lat' dir='ltr'>nou</span> <span class='ocrx_word' id='word_1_445' title='bbox 722 4084 888 4143; x_wconf 75' lang='lat' dir='ltr'>aduramus:</span> <span class='ocrx_word' id='word_1_446' title='bbox 909 4088 953 4141; x_wconf 82' lang='lat' dir='ltr'>hic</span> <span class='ocrx_word' id='word_1_447' title='bbox 973 4087 1041 4141; x_wconf 86' lang='lat' dir='ltr'>nihil</span> <span class='ocrx_word' id='word_1_448' title='bbox 1062 4089 1119 4141; x_wconf 83' lang='lat' dir='ltr'>tale</span> <span class='ocrx_word' id='word_1_449' title='bbox 1139 4086 1209 4156; x_wconf 81' lang='lat' dir='ltr'>legit</span> <span class='ocrx_word' id='word_1_450' title='bbox 1231 4088 1266 4138; x_wconf 86' lang='lat' dir='ltr'>de</span> <span class='ocrx_word' id='word_1_451' title='bbox 1288 4086 1382 4156; x_wconf 82' lang='lat' dir='ltr'>aliquo</span> <span class='ocrx_word' id='word_1_452' title='bbox 1407 4081 1509 4137; x_wconf 71' lang='lat' dir='ltr'>ridebant</span> 
     </span>
     <span class='ocr_line' id='line_1_46' title="bbox 206 4158 1556 4237; baseline -0.004 -17"><span class='ocrx_word' id='word_1_453' title='bbox 206 4166 304 4228; x_wconf 89' lang='lat' dir='ltr'>edicto,</span> <span class='ocrx_word' id='word_1_454' title='bbox 330 4184 383 4237; x_wconf 91' lang='lat' dir='ltr'>quo</span> <span class='ocrx_word' id='word_1_455' title='bbox 403 4169 670 4231; x_wconf 74' lang='lat' dir='ltr'>Hecatomhaeanem</span> <span class='ocrx_word' id='word_1_456' title='bbox 691 4168 880 4237; x_wconf 87' lang='lat' dir='ltr'>anticiparent.</span> <span class='ocrx_word' id='word_1_457' title='bbox 910 4168 965 4222; x_wconf 81' lang='lat' dir='ltr'>Nos</span> <span class='ocrx_word' id='word_1_458' title='bbox 987 4176 1061 4220; x_wconf 85' lang='lat' dir='ltr'>certe</span> <span class='ocrx_word' id='word_1_459' title='bbox 1083 4185 1135 4220; x_wconf 91' lang='lat' dir='ltr'>non</span> <span class='ocrx_word' id='word_1_460' title='bbox 1156 4168 1328 4220; x_wconf 82' lang='lat' dir='ltr'>celebramus</span> <span class='ocrx_word' id='word_1_461' title='bbox 1347 4158 1508 4219; x_wconf 68' lang='lat' dir='ltr'>Bacchanal&#39;d</span> <span class='ocrx_word' id='word_1_462' title='bbox 1552 4165 1556 4172; x_wconf 72' lang='grc'>”’</span> 
     </span>
     <span class='ocr_line' id='line_1_47' title="bbox 206 4246 1316 4318; baseline 0.001 -19"><span class='ocrx_word' id='word_1_463' title='bbox 206 4246 233 4300; x_wconf 89' lang='lat' dir='ltr'>in</span> <span class='ocrx_word' id='word_1_464' title='bbox 254 4255 377 4301; x_wconf 78' lang='lat' dir='ltr'>aestate:</span> <span class='ocrx_word' id='word_1_465' title='bbox 400 4246 460 4302; x_wconf 89' lang='lat' dir='ltr'>ideo</span> <span class='ocrx_word' id='word_1_466' title='bbox 481 4248 608 4312; x_wconf 82' lang='lat' dir='ltr'>arbitror,</span> <span class='ocrx_word' id='word_1_467' title='bbox 630 4247 757 4318; x_wconf 82' lang='lat' dir='ltr'>Olympia</span> <span class='ocrx_word' id='word_1_468' title='bbox 776 4247 961 4318; x_wconf 80' lang='lat' dir='ltr'>praecipitata</span> <span class='ocrx_word' id='word_1_469' title='bbox 980 4265 1034 4300; x_wconf 91' lang='lat' dir='ltr'>non</span> <span class='ocrx_word' id='word_1_470' title='bbox 1054 4247 1138 4300; x_wconf 83' lang='lat' dir='ltr'>fuisse</span> <span class='ocrx_word' id='word_1_471' title='bbox 1159 4263 1177 4299; x_wconf 89' lang='lat' dir='ltr'>a</span> <span class='ocrx_word' id='word_1_472' title='bbox 1197 4247 1316 4300; x_wconf 83' lang='lat' dir='ltr'>Nerone.</span> 
     </span>
    </p>
   </div>
   <div class='ocr_carea' id='block_1_5' title="bbox 203 4354 1503 4802">
    <p class='ocr_par' dir='ltr' id='par_1_7' title="bbox 203 4354 1561 4802">
     <span class='ocr_line' id='line_1_48' title="bbox 292 4354 1503 4445; baseline -0.004 -24"><span class='ocrx_word' id='word_1_473' title='bbox 292 4356 485 4442; x_wconf 80' lang='lat' dir='ltr'>lieplerus</span> <span class='ocrx_word' id='word_1_474' title='bbox 519 4366 609 4433; x_wconf 75' lang='lat' dir='ltr'>(Epist</span> <span class='ocrx_word' id='word_1_475' title='bbox 627 4368 699 4432; x_wconf 70' lang='lat' dir='ltr'>m:</span> <span class='ocrx_word' id='word_1_476' title='bbox 733 4358 781 4422; x_wconf 88' lang='lat' dir='ltr'>De</span> <span class='ocrx_word' id='word_1_477' title='bbox 805 4356 1088 4429; x_wconf 85' lang='lat' dir='ltr'>Hecatombaeons</span> <span class='ocrx_word' id='word_1_478' title='bbox 1105 4355 1235 4421; x_wconf 87' lang='lat' dir='ltr'>abunde</span> <span class='ocrx_word' id='word_1_479' title='bbox 1258 4354 1413 4439; x_wconf 86' lang='lat' dir='ltr'>respondi</span> <span class='ocrx_word' id='word_1_480' title='bbox 1432 4369 1503 4445; x_wconf 69' lang='lat' dir='ltr'>supr</span> 
     </span>
     <span class='ocr_line' id='line_1_49' title="bbox 203 4444 1503 4532; baseline -0.003 -21"><span class='ocrx_word' id='word_1_481' title='bbox 203 4444 353 4513; x_wconf 89' lang='lat' dir='ltr'>rioribus.</span> <span class='ocrx_word' id='word_1_482' title='bbox 398 4447 486 4512; x_wconf 88' lang='lat' dir='ltr'>Nero</span> <span class='ocrx_word' id='word_1_483' title='bbox 516 4467 638 4511; x_wconf 86' lang='lat' dir='ltr'>annum</span> <span class='ocrx_word' id='word_1_484' title='bbox 665 4446 886 4530; x_wconf 78' lang='lat' dir='ltr'>Olympiorum</span> <span class='ocrx_word' id='word_1_485' title='bbox 908 4467 971 4511; x_wconf 86' lang='lat' dir='ltr'>non</span> <span class='ocrx_word' id='word_1_486' title='bbox 999 4447 1113 4525; x_wconf 88' lang='lat' dir='ltr'>tenuit,</span> <span class='ocrx_word' id='word_1_487' title='bbox 1142 4446 1213 4528; x_wconf 87' lang='lat' dir='ltr'>quis</span> <span class='ocrx_word' id='word_1_488' title='bbox 1237 4445 1339 4527; x_wconf 83' lang='lat' dir='ltr'>igitur</span> <span class='ocrx_word' id='word_1_489' title='bbox 1364 4445 1402 4509; x_wconf 89' lang='lat' dir='ltr'>de</span> <span class='ocrx_word' id='word_1_490' title='bbox 1421 4454 1503 4532; x_wconf 61' lang='lat' dir='ltr'>meust</span> 
     </span>
     <span class='ocr_line' id='line_1_50' title="bbox 203 4533 1501 4618; baseline 0.004 -20"><span class='ocrx_word' id='word_1_491' title='bbox 203 4534 358 4600; x_wconf 88' lang='lat' dir='ltr'>sollicitus</span> <span class='ocrx_word' id='word_1_492' title='bbox 385 4557 454 4615; x_wconf 88' lang='lat' dir='ltr'>esse</span> <span class='ocrx_word' id='word_1_493' title='bbox 474 4536 636 4603; x_wconf 80' lang='lat' dir='ltr'>voluerit?</span> <span class='ocrx_word' id='word_1_494' title='bbox 671 4537 784 4618; x_wconf 86' lang='lat' dir='ltr'>Neque</span> <span class='ocrx_word' id='word_1_495' title='bbox 806 4542 915 4601; x_wconf 88' lang='lat' dir='ltr'>tamen</span> <span class='ocrx_word' id='word_1_496' title='bbox 943 4555 1025 4617; x_wconf 79' lang='lat' dir='ltr'>nego</span> <span class='ocrx_word' id='word_1_497' title='bbox 1047 4534 1104 4600; x_wconf 92' lang='lat' dir='ltr'>tibi</span> <span class='ocrx_word' id='word_1_498' title='bbox 1126 4534 1167 4598; x_wconf 89' lang='lat' dir='ltr'>de</span> <span class='ocrx_word' id='word_1_499' title='bbox 1190 4533 1501 4603; x_wconf 68' lang='lat' dir='ltr'>Hecatombaeonell</span> 
     </span>
     <span class='ocr_line' id='line_1_51' title="bbox 205 4622 1500 4712; baseline -0.002 -26"><span class='ocrx_word' id='word_1_500' title='bbox 205 4623 342 4702; x_wconf 71' lang='lat' dir='ltr'>offiano,</span> <span class='ocrx_word' id='word_1_501' title='bbox 362 4624 483 4689; x_wconf 82' lang='lat' dir='ltr'>venisse</span> <span class='ocrx_word' id='word_1_502' title='bbox 503 4625 536 4690; x_wconf 93' lang='lat' dir='ltr'>in</span> <span class='ocrx_word' id='word_1_503' title='bbox 553 4625 707 4690; x_wconf 86' lang='lat' dir='ltr'>Achaiam</span> <span class='ocrx_word' id='word_1_504' title='bbox 724 4623 907 4689; x_wconf 79' lang='lat' dir='ltr'>Februario.</span> <span class='ocrx_word' id='word_1_505' title='bbox 941 4623 1082 4689; x_wconf 86' lang='lat' dir='ltr'>Multum</span> <span class='ocrx_word' id='word_1_506' title='bbox 1101 4623 1222 4707; x_wconf 86' lang='lat' dir='ltr'>quippe</span> <span class='ocrx_word' id='word_1_507' title='bbox 1239 4622 1500 4712; x_wconf 73' lang='lat' dir='ltr'>ope1·iseratij</span> 
     </span>
     <span class='ocr_line' id='line_1_52' title="bbox 204 4703 1496 4802; baseline 0 -26"><span class='ocrx_word' id='word_1_508' title='bbox 204 4713 443 4793; x_wconf 67' lang='lat' dir='ltr'>perficiendum,</span> <span class='ocrx_word' id='word_1_509' title='bbox 466 4714 649 4781; x_wconf 85' lang='lat' dir='ltr'>canendum</span> <span class='ocrx_word' id='word_1_510' title='bbox 673 4713 808 4792; x_wconf 75' lang='lat' dir='ltr'>cithara,</span> <span class='ocrx_word' id='word_1_511' title='bbox 833 4739 1107 4795; x_wconf 72' lang='lat' dir='ltr'>nurunrpuamuor,</span> <span class='ocrx_word' id='word_1_512' title='bbox 1127 4722 1328 4802; x_wconf 64' lang='lat' dir='ltr'>rpupptrpsor,</span> <span class='ocrx_word' id='word_1_513' title='bbox 1352 4703 1496 4778; x_wconf 72' lang='lat' dir='ltr'>essarta</span> 
     </span>
    </p>
   </div>
   <div class='ocr_carea' id='block_1_6' title="bbox 0 0 1572 5479">
    <p class='ocr_par' dir='ltr' id='par_1_8' title="bbox 0 0 1572 5479">
     <span class='ocr_line' id='line_1_53' title="bbox 0 0 1572 5479; baseline 0 0"><span class='ocrx_word' id='word_1_514' title='bbox 0 0 1572 5479; x_wconf 95' lang='lat' dir='ltr'> </span> 
     </span>
    </p>
   </div>
  </div>
 </body>
</html>
