3134 5482
523 231 629 295 Eclogae
650 232 795 281 Chronicue.
1006 186 1009 201 ‘
1258 234 1319 294 409

46 441 48 446 -
91 399 284 482 Keplerus
313 407 405 478 (Epis.
431 413 522 478 Χίης.
552 405 589 469 ln
618 405 753 470 historia
781 404 969 490 paschatum
1004 425 1067 468 non
1098 402 1320 486 Evarrgelistae

37 487 80 552 ribi
98 488 322 568 adversantur,
340 491 402 556 sed
423 499 485 556 tua
502 493 777 578 Evangelietamm
800 494 937 558 violente
957 494 1195 574 interpretatio
1238 493 1322 556 Nam

37 579 127 659 iipso
149 578 352 645 firmamento
374 580 586 648 dissentimus.
632 581 687 648 Ais
708 589 764 663 tn,
786 581 859 646 festi
880 582 1007 647 nomine
1037 600 1163 665 semper
1193 581 1322 662 aliquod

37 668 102 730 inm
130 667 352 753 principalium
381 669 524 752 intelligi.
569 670 659 751 Nego
686 691 745 753 ego
771 689 908 753 semper.
951 670 1049 734 Nam·
1065 670 1165 733 omnis
1195 670 1322 744 omnino

37 754 175 819 slebritas
194 755 337 821 ‘ludaeis
366 758 439 823 festi
467 758 595 823 nomine
620 760 723 838 seuit.
773 758 895 824 Deinde
924 757 987 837 eis,
1017 757 1135 821 festum
1165 758 1257 823 Josn.
1292 765 1321 822 5.
1407 756 1409 764 ⁴

37 850 217 908 emoratum
239 845 342 933 celin
365 867 468 911 messe
489 848 584 912 inisse
605 847 655 911 sel
679 854 752 930 post
773 866 909 911 messem
930 847 1006 910 anui
1021 845 1143 911 Julisni
1165 850 1218 910 lb.
1255 846 1323 918 lmo

37 933 109 998 >tuit
139 933 237 997 etiam
267 954 336 998 esse
359 942 393 999 et
412 934 474 999 suit
502 942 578 1001 ante
607 935 727 1019 pascha
749 937 824 1001 anni
849 941 899 1001 75.
944 935 1027 1001 Nam
1055 954 1114 999 cur
1141 935 1267 999 cumino
1289 936 1322 998 in

37 1041 117 1099 esse,
142 1022 170 1085 si
190 1021 331 1087 succedit
351 1023 533 1097 immediate
555 1024 603 1103 iis,
626 1044 711 1109 quae
733 1032 825 1107 gesta
846 1032 867 1089 4
890 1023 1050 1087 mensibus
1077 1026 1152 1088 ante
1174 1034 1322 1102 messem,

51 1115 103 1172 est
124 1110 160 1173 in
182 1110 351 1187 Decembri
372 1113 420 1177 sel
442 1113 608 1180 Januario.
633 1114 747 1178 Messie
768 1135 798 1177 n.
815 1112 916 1196 Aprili
938 1112 988 1176 vel
1010 1112 1105 1193 Maio,
1127 1131 1241 1175 mense
1258 1130 1325 1175 uno

37 1204 79 1261 >st
101 1198 234 1279 pascha,
255 1200 333 1283 quia
354 1202 387 1265 in
408 1201 561 1286 paschate
582 1206 656 1266 sunt
677 1202 836 1284 primitiae
863 1202 1024 1284 spicarum
1050 1206 1269 1278 maturarum,
1289 1205 1325 1264 nt

37 1292 79 1350 >st
110 1287 347 1370 septimanas?
375 1289 409 1354 in
431 1297 611 1373 pentecoste
641 1297 691 1355 est
717 1290 985 1373 complementum
1014 1289 1135 1353 messis.
1181 1289 1223 1353 Et
1244 1309 1326 1370 quo·

37 1373 101 1438 odo
124 1381 146 1441 8
169 1376 334 1442 mensibus
350 1385 424 1462 post
445 1399 578 1443 messem
601 1380 677 1444 anni
694 1383 760 1445 75?
783 1379 869 1465 Num
882 1384 958 1457 ¹toto
981 1396 1065 1442 enno
1087 1376 1165 1441 nihil
1187 1396 1326 1441 comme·

37 1468 155 1529 aratur
181 1463 222 1528 de
245 1464 395 1532 Christo?
424 1467 549 1545 Scilicet
575 1489 596 1533 a
618 1462 794 1550 tempore,-
808 1488 872 1549 qno
897 1465 958 1530 init
979 1465 1163 1544 Samariae,
1191 1471 1328 1530 exeunte

37 1572 91 1615 mo
115 1556 181 1631 74,
209 1573 310 1635 nsque
331 1554 374 1619 ad
396 1554 457 1620 hoc
477 1556 613 1635 festum,
643 1556 890 1622 exeunte‘anno
914 1556 979 1620 76?
1015 1554 1089 1618 Non
1104 1551 1208 1618 ¹habes
1228 1554 1326 1636 igitur

37 1640 125 1705 seha
155 1642 331 1705 secundnm
351 1643 431 1708 Joh.
450 1651 480 1710 5.
511 1643 571 1708 sub
601 1646 759 1711 mentione
789 1644 878 1723 sesti,
909 1649 996 1707 certe
1018 1663 1083 1706 non
1109 1648 1238 1724 aperte,
1261 1663 1326 1707 non

37 1730 87 1793 im
110 1750 194 1814 opus
216 1737 302 1821 esset
323 1732 392 1798 tuis
410 1733 612 1818 conjecturis.
655 1739 700 1800 At
721 1754 781 1798 nec
799 1732 908 1811 tacite,
932 1732 1007 1815 quia
1027 1731 1144 1796 fulsum
1167 1750 1326 1814 praesup-

37 1825 132 1882 ›nnnt
154 1824 232 1882 tuae
254 1824 475 1905 conjecturae:
498 1823 570 1887 sesti
591 1823 717 1888 nomine
738 1816 855 1888 lohan.
880 1828 911 1885 b.
933 1821 1040 1884 venire
1063 1819 1192 1904 pasche.

92 1907 231 1972 Festum
250 1907 292 1988 id,
317 1929 374 1991 ego
396 1912 514 1991 monui,
537 1932 579 1975 on
594 1910 713 1974 luerint
736 1911 911 1974 encaenia?
933 1916 970 1974 tu
990 1928 1160 1992 repugnas.
1194 1906 1328 1986 Viceris,

37 2016 66 2057 m
92 2001 203 2060 tamen
225 1996 325 2061 habes
346 1999 476 2082 pascha,
499 2000 605 2082 potuit
627 1999 714 2064 alind
738 2019 806 2064 esse
828 1999 956 2076 festum,
979 2002 1016 2060 nt
1030 1997 1168 2081 phurim,
1191 2001 1328 2078 potuere

37 2085 67 2148 ia
92 2104 164 2148 esse
187 2087 348 2166 encaenia,
373 2108 470 2170 qnam
493 2088 532 2152 de
555 2087 672 2172 quibus
686 2094 734 2153 tn.
779 2089 842 2152 Ter
861 2087 946 2149 enim
964 2084 1147 2150 dedicatum
1169 2083 1326 2168 templum

37 2174 176 2252 sterius,
199 2194 220 2236 a
241 2173 447 2255 zorobabele,
470 2198 491 2242 a
512 2177 597 2241 dicto
620 2175 835 2247 Macohsbseo
856 2183 888 2240 et
910 2174 952 2239 ab
975 2173 1112 2240 Herode.
1180 2226 1182 2235 .

91 2261 242 2325 Alterum
264 2271 361 2328 tunm
379 2272 622 2346 argumentum,
652 2286 717 2348 quo
740 2265 840 2347 plura
865 2262 1154 2345 tribus-paschata
1184 2262 1327 2342 assignas

37 2349 182 2415 'misterio
206 2352 338 2432 illinisti,
365 2354 544 2418 desumitur
560 2354 609 2418 ab
630 2354 763 2418 historia
791 2354 831 2417 de
858 2352 953 2437 spicis
980 2352 1132 2430 maturis,
1161 2370 1200 2415 ac
1222 2351 1249 2413 si
1270 2347 1328 2412 illa

37 2458 89 2507 ino
113 2440 239 2519 integro
261 2445 472 2523 praecesserit
495 2443 659 2517 historiam
682 2443 723 2506 de
738 2442 879 2526 quinque
900 2438 1047 2525 panibus,
1070 2439 1157 2524 quod
1181 2439 1240 2502 etsi
1262 2440 1326 2501 non

37 2548 95 2610 po,
123 2534 183 2591 tna
205 2536 313 2594 tamen
336 2539 526 2611 argumenta
547 2531 701 2613 expendo.
814 2608 816 2614 s
881 2548 911 2557 ·’

94 2617 204 2682 (tana
218 2617 275 2682 tibi
288 2619 482 2705 divulsionis,
505 2619 827 2704 quodEvangelistac
849 2620 1097 2689 commemorant
1119 2615 1222 2679 multe
1243 2615 1328 2678 inter

37 2725 181 2788 remque
211 2707 375 2779 historiam
404 2716 504 2792 gesta.
542 2708 653 2775 Multo
683 2713 777 2786 sunt,
803 2707 934 2786 Caluisi,
964 2712 1000 2770 et
1021 2724 1086 2768 nnn
1108 2703 1198 2787 plns,
1229 2723 1328 2785 quum
1371 2759 1373 2764 Α

37 2816 67 2858 ιο
98 2794 154 2859 die
183 2795 244 2879 legi
277 2800 389 2879 possit.
447 2799 583 2863 Frustra
616 2819 691 2880 ergo
724 2796 876 2879 expendis
909 2813 1078 2862 numerum
1112 2790 1326 2876 syllabarum

38 2883 138 2947 tende
160 2885 420 2951 circumstantias
441 2894 623 2972 temporum
640 2895 677 2953 ,et
699 2884 871 2975 interualla
893 2883 1052 2960 locorum,
1077 2887 1114 2945 ut
1136 2900 1174 2943 cx
1197 2899 1325 2962 compa·

38 2973 130 3036 tione
153 2973 368 3057 intelligatur,
391 2977 497 3055 omnia
518 2975 573 3041 illa
595 2996 658 3039 non
681 2995 775 3059 posse
797 2972 942 3037 concludi
965 2970 1099 3047 arctius,
1122 2989 1220 3049 quam
1241 2969 1329 3032 intra

38 3082 135 3126 inum.
182 3063 293 3127 Altero
315 3060 506 3147 argumento
533 3085 673 3148 pugnos,
704 3085 767 3127 non
795 3080 865 3125 esse
892 3067 1018 3145 tempus
1046 3058 1243 3137 esuritionis,
1273 3056 1328 3121 ubi

39 3152 111 3214 icae
134 3158 282 3216 uncturae
304 3152 531 3234 possintvelli.
570 3153 673 3217 Velim
695 3152 802 3216 videre
821 3151 963 3232 quinque
984 3135 1120 3211 millium
1143 3139 1328 3223 eiercitum,
1446 3224 1448 3235 Υ

38 3241 167 3303 icarum
189 3242 350 3305 errosionc
365 3244 485 3306 tamenn
505 3242 696 3307 sedentium.
727 3241 776 3304 Tu
792 3238 831 3302 de
847 3235 1084 3302 curculionibus
1098 3234 1188 3316 loqui
1201 3234 1329 3299 rideris.

38 3348 129 3403 {cnr
152 3349 217 3391 non
240 3331 337 3395 etium
359 3329 431 3395 ideo
453 3352 549 3411 negas
578 3330 732 3414 populum
756 3328 947 3403 'escuinus
977 3326 1053 3407 quin
1080 3331 1149 3389 tum
1177 3324 1330 3407 temporis

38 3439 65 3480 m
90 3418 222 3482 luerunt
244 3419 302 3482 vici
324 3421 442 3501 vacui?
469 3418 551 3498 Quid
576 3421 656 3503 juvit
683 3417 837 3502 populum
865 3416 1059 3480 esurientem
1081 3414 1112 3478 iu
1136 3412 1273 3491 deserto,
1296 3414 1329 3484 iu

38 3512 123 3583 onte,
146 3507 291 3589 niensis(
291 3509 317 3571 si
332 3510 429 3572 etiam
451 3509 561 3572 messis
578 3509 710 3586 linisset)
733 3526 847 3588 sparso
862 3525 921 3588 per
936 3524 1067 3586 campos
1085 3501 1193 3567 uberis
1215 3500 1330 3582 glebae

38 3594 103 3674 iulo
125 3597 323 3674 remotiores,
347 3599 373 3661 si
395 3597 473 3672 nihil
496 3597 574 3663 illos
586 3597 666 3682 jusit
686 3596 799 3659 viciniis
821 3596 970 3670 vicorum,
995 3612 1076 3673 quies
1099 3591 1212 3654 eadem
1235 3595 1330 3652 nocte

38 3683 158 3764 rmequi
179 3688 355 3767 poterant?
377 3686 449 3750 Non
473 3686 595 3770 probas
610 3686 708 3767 igitur
724 3684 786 3748 tuis
802 3683 930 3764 quidem
953 3680 1163 3763 srgrrmentis,
1186 3679 1329 3760 spatium

39 3773 98 3835 niue
120 3773 197 3835 anni
218 3772 423 3869 interjectum
445 3776 530 3839 inter
550 3775 639 3839 illam
661 3773 825 3856 spicarum
847 3770 1042 3834 evulsionem
1064 3773 1097 3830 et
1115 3766 1197 3830 hanc
1220 3766 1329 3849 populi

39 3862 237 3926 turationem
253 3865 489 3930 miraculosam.
520 3864 592 3928 Non
604 3868 653 3925 est
668 3862 766 3944 igitur
782 3879 922 3935 necesse,
938 3864 976 3921 ut
987 3856 1157 3932 concedam
1173 3854 1330 3938 paschata
1382 3939 1384 3941 ‚

39 3958 159 4016 ustnor.
206 3952 338 4018 Possum
366 3953 469 4018 tribus
498 3973 568 4017 esse
595 3957 783 4028 constectus,
814 3967 921 4030 neque
950 3947 1025 4010 mihi
1055 3965 1159 4010 annus
1181 3943 1329 4006 lulianus

39 4049 57 4103 3.
81 4047 304 4122 extorquetur,
327 4049 365 4106 ut
388 4064 451 4106 non
475 4043 516 4115 sit
538 4064 747 4120 οταυρωσιμος.
771 4053 773 4059 ’
793 4038 841 4101 lle
864 4042 952 4100 motu
973 4037 1087 4100 uiniae
1115 4031 1250 4115 querela
1271 4038 1330 4093 tua

39 4129 137 4211 rplosa
168 4139 218 4192 est
247 4129 317 4194 aliis
348 4130 460 4195 literis.
506 4132 552 4195 De
574 4130 669 4212 spicis
699 4127 835 4192 maturis
863 4124 942 4188 nihil
972 4142 1159 4208 promoves,
1189 4119 1330 4202 probans

39 4219 347 4284 commeminisse
376 4225 450 4303 post
480 4218 609 4304 pascha.
654 4216 824 4305 Scireram'
841 4214 874 4278 id
901 4211 952 4276 rel
980 4233 1019 4274 ex
1041 4210 1111 4275 solu
1141 4208 1329 4294 maturitate

39 4307 175 4386 ilcsrrum,
199 4309 259 4371 etsi
281 4308 429 4374 sabbathi
451 4318 686 4391 tsnrsponponon
709 4303 800 4368 nulla
821 4303 934 4368 fuisset
949 4301 1042 4369 „iacta
1064 4300 1193 4362 mentio.

92 4396 154 4461 Sed
176 4397 268 4461 video
291 4398 367 4480 quid
392 4406 424 4461 te
444 4388 594 4475 ‘innuerim
618 4400 655 4458 nt
677 4394 737 4458 hoo
760 4391 950 4457 sabbathum
975 4400 1210 4469 teosrponporos
1232 4386 1328 4485 ninius

39 4501 74 4547 re
95 4486 170 4549 anni
193 4486 299 4567 spiutio
327 4488 549 4569 praemitteres
574 4482 786 4548 miraculosae
809 4479 999 4546 satruutioni
1022 4479 1164 4560 quinque
1185 4473 1329 4552 millium,

41 4575 93 4638 nod
122 4574 252 4658 quidem
281 4597 353 4639 cnm
384 4575 541 4640 scribones
568 4573 627 4638 tibi
649 4570 820 4637 exciderat.
865 4571 923 4634 Est
946 4574 1054 4631 anton
1072 4566 1155 4631 hoc:
1187 4565 1329 4628 ioannes

40 4662 152 4746 'antitiste
174 4664 353 4729 ‹lecollutus
376 4665 435 4729 snit
458 4663 555 4747 paulo
578 4672 653 4727 autc
676 4661 863 4725 miraculum
887 4656 1105 4721 saturationis.
1146 4658 1225 4718 Cum
1248 4652 1330 4716 enim

40 4751 137 4817 llaec
160 4753 246 4817 sams
269 4743 310 4818 et
325 4754 460 4819 Herodis
485 4772 542 4818 vox
566 4758 665 4835 atquc
688 4750 836 4834 suspicio,
860 4768 935 4812 num
959 4744 1275 4810 tbrtussc‘dohannes
1298 4743 1328 4806 in
