3142 5476
548 280 861 347 ssennsssssssgnsn
1311 259 1374 330 ιιι
1421 349 1424 351 ἢ

69 420 176 495 uisset,
197 422 312 503 accepi
356 422 472 486 Tristia
491 442 564 486 sane
584 425 623 486 de
641 424 870 506 Magnificentia
889 425 954 487 Τιι
976 423 1057 487 circa
1078 383 1241 489 Paschatis
1266 427 1377 489 lestuun

66 510 266 587 nunciabantur,
283 511 406 574 dolente
421 531 469 574 me
483 512 642 593 plurimum
656 513 812 577 literarum
828 523 928 589 cansa,
949 532 1067 595 unaque
1081 515 1184 578 multis
1200 515 1282 590 aliis,
1301 534 1377 598 quos

63 599 144 679 religio
158 599 312 675 Romana,
335 621 448 683 quosve
470 601 670 664 beneficentia
691 603 817 683 Magnis.
839 604 923 669 Tuae
945 604 1147 667 consiliasset
1192 603 1387 686 Suspicame

60 695 140 750 tumen
156 707 228 770 ego,
250 690 352 752 studio
376 709 513 772 sparsum
534 709 683 754 rumorem
697 693 824 773 Magnit
840 693 923 755 Tuae
945 693 1132 772 parcentium
1147 694 1249 774 Teque
1267 694 1389 769 itinere

58 777 223 842 studentium
236 778 378 842 liberare
423 779 557 861 Cumque
577 798 699 843 manum
712 781 837 862 Magnis,
853 783 936 843 Τιιι
952 779 1086 857 videam,
1107 780 1182 844 nihil
1197 782 1267 844 novi
1277 778 1380 843 ¹morbi

56 867 204 929 emersisse
219 870 414 948 persuadeor,
429 870 628 953 quemqne'lhn
644 870 752 931 scribis
766 871 903 932 morbum
918 870 1137 951 gravissimum,
1151 879 1287 934 veterem
1296 870 1380 933 ιιιιιι

54 973 106 1017 ense
126 957 289 1032 vomicam,
310 958 395 1038 cans
417 957 479 1020 etsi
498 957 602 1034 flnenn,
625 965 656 1020 te
672 959 859 1039 explicante,
882 959 972 1022 didici
994 978 1050 1022 nec
1066 961 1130 1022 sine
1152 972 1288 1022 moerore
1303 977 1379 1021 con·

55 1045 278 1119 secretaneus
299 1065 347 1108 me
371 1047 545 1110 consolatur
566 1054 686 1111 erectus
707 1048 758 1109 ille
773 1048 900 1151 Magnif.
916 1049 999 1111 Tuae
1022 1049 1137 1111 animus
1159 1057 1193 1111 et
1213 1049 1377 1130 impertur-

54 1134 139 1196 batum
153 1135 230 1196 illud
244 1135 484 1198 immortalitatis
500 1136 695 1210 desiderium,
717 1155 775 1218 qno
798 1136 866 1199 de
857 1157 887 1198 nn
910 1137 1007 1199 literis
1029 1138 1172 1213 testaris,
1193 1145 1227 1201 et
1248 1156 1318 1241 quo
1322 1155 1378 1198 ex·
1474 1216 1475 1220 Ἰ

55 1224 133 1303 euplo
147 1242 196 1285 me
211 1224 371 1304 plurimnrn
387 1226 553 1299 confirmas,
570 1225 618 1306 qni
634 1232 819 1306 compertum
835 1226 941 1300 habeo,
957 1227 1099 1307 centuplo
1112 1227 1283 1308 plnresmei
1294 1225 1379 1288 simi·

55 1312 192 1392 hequem
201 1314 268 1388 Tui,
283 1333 428 1396 meaeque
443 1328 532 1396 quam
541 1315 624 1377 Τιιι
639 1314 830 1390 valetudinis,
846 1315 979 1396 quotidie
995 1315 1159 1397 exspirare.
1185 1315 1262 1380 Cum
1277 1323 1380 1378 autern

55 1401 209 1476 considero,
231 1402 371 1483 anljaoere
386 1404 453 1466 Tibi
476 1404 615 1478 dissolui,
639 1404 745 1466 sedin
768 1421 871 1466 carne
868 1403 987 1466 diutins
1003 1423 1072 1466 cese
1095 1424 1134 1467 ex
1153 1412 1208 1467 ιιι
1223 1405 1380 1467 literarum

56 1508 119 1564 usse,
142 1509 199 1553 nec
221 1492 320 1554 ιιιιιι
336 1512 374 1555 ex
396 1492 517 1595 scriptis
532 1492 657 1574 Magnis.
673 1493 756 1555 Tuae
771 1493 915 1555 utilitatis
937 1494 1041 1556 venire
1057 1495 1097 1557 ad
1112 1493 1259 1556 eeclesias
1280 1494 1379 1556 refor—
1422 1525 1424 1529 ·

57 1587 144 1653 natas,
159 1599 251 1660 qnam
266 1582 347 1643 solet
362 1600 400 1643 ex
415 1582 536 1663 agarico
552 1588 606 1645 ιιι
620 1582 806 1645 rhabarbaro
821 1571 1019 1644 redundare
1011 1603 1042 1646 ιι
1062 1582 1262 1646 ventriculum
1280 1581 1379 1645 noxiis

56 1666 208 1730 humoribus
223 1670 386 1750 repletum:
403 1677 542 1733 votorum
557 1670 672 1744 dubius,
688 1691 725 1732 ns
742 1690 808 1733 oum
823 1671 1032 1752 tuisimperite
1047 1690 1186 1753 pugnem,
1201 1671 1276 1734 illnd
1290 1671 1378 1733 unice

57 1755 169 1837 suspiro,
190 1767 227 1820 ιι
242 1758 280 1820 de
295 1759 421 1840 Magnis.
436 1761 502 1821 'lua
516 1758 601 1822 Deus
615 1758 648 1821 id
662 1767 796 1835 statuat,
817 1760 896 1843 qnod
916 1767 947 1822 et
962 1760 1030 1823 Tibi
1051 1768 1083 1822 et
1102 1760 1261 1824 Ecclesiae
1283 1759 1379 1822 adeo·‘

56 1864 99 1925 que
117 1854 148 1907 et
173 1847 251 1909 mihi·
270 1848 351 1911 sciat
374 1867 441 1911 esee
473 1848 707 1913 saluberrimum
752 1850 860 1930 Neque
882 1868 955 1912 sane
981 1848 1101 1925 dubito,
1131 1857 1162 1911 te
1187 1850 1246 1912 hac
1269 1847 1405 1912 fiducia·

56 1932 150 1997 Ghristi
166 1934 343 2009 Servatoris
361 1946 530 2020 partaeque
548 1939 701 2019 perillum
726 1939 869 2001 coelestis
892 1938 1109 2019 haereditatis,
1133 1938 1192 2001 hoo
1215 1943 1380 2012 contemtu,

55 2023 115 2104 qued
129 2025 253 2100 scribis,
275 2027 426 2109 adeoque,
441 2029 522 2108 qnod
535 2027 735 2108 interpretor,
757 2027 826 2090 odio
842 2036 874 2088 et
887 2028 1077 2108 poenitentia
1090 2027 1274 2091 inunitatem
1288 2024 1378 2106 hujus

54 2113 136 2174 mnndi
152 2109 296 2196 (quarum
311 2133 367 2197 ego
382 2135 523 2196 magnam
537 2124 658 2196 partem
674 2135 742 2178 esse
756 2124 831 2196 puto
847 2116 980 2179 studium
994 2117 1127 2197 partium
1142 2116 1298 2190 fervidum,
1312 2114 1378 2197 pri·

53 2201 146 2291 vilegia
168 2203 369 2266 beatitudinis
395 2206 622 2280 somniantium,
651 2205 767 2269 Romae
797 2205 874 2267 coeli
896 2213 1002 2286 portas
1032 2206 1138 2268 unicas
1168 2204 1404 2286 statuentium(

52 2265 162 2371 indeque
177 2294 307 2354 natum
298 2313 330 2358 nn
345 2312 433 2374 neges
448 2294 614 2357 indirectos
635 2313 739 2375 regum
760 2312 874 2357 merum
896 2293 1086 2376 obsequium,
1110 2312 1224 2358 menum
1240 2301 1378 2357 contem-

10 2427 11 2439 ,
53 2385 104 2441 turn
115 2396 225 2456 eorum,
241 2383 292 2464 qni
306 2383 480 2446 libertatem
496 2384 627 2466 amplexi
643 2391 722 2458 sunt,
739 2383 880 2446 sinistras
896 2383 1044 2446 dictorum
1060 2384 1266 2464 factorumque
1281 2383 1379 2445 inter·
1457 2399 1460 2402 ’

2 2490 5 2492 ·
50 2470 240 2547 pretationes,
264 2472 364 2552 quasi,
387 2473 475 2554 quod
480 2472 530 2534 his
544 2472 651 2535 mediis
666 2472 795 2534 Romani
811 2486 964 2534 sacrorum
987 2471 1068 2552 regis
1090 2472 1229 2534 hostibus
1244 2479 1379 2547 nocetur,
1453 2536 1454 2539 ,

50 2555 98 2618 Dei
110 2557 413 2636 hostibusnoceatur,
428 2561 506 2643 qnod
520 2562 653 2627 vicissim
663 2561 788 2624 factioni
797 2561 1001 2624 validissimae
1010 2561 1137 2635 luereht,
1150 2559 1218 2624 Dee
1228 2568 1260 2623 et
1268 2561 1378 2623 Eeole

49 2640 103 2708 siae
116 2666 175 2710 non
191 2648 283 2723 aliter
298 2650 446 2719 lueretieri
461 2647 591 2731 possit),
612 2651 709 2726 hac,
700 2669 834 2732 unquam,
855 2650 1038 2714 inmunitatum
1052 2649 1140 2730 hujus
1155 2649 1257 2711 mundi
1270 2649 1378 2730 poeni

47 2736 133 2797 tentia
146 2746 288 2818 paratum
309 2745 342 2800 et
362 2741 530 2802 ιιιιιιιιιι
545 2758 696 2823 nunqnam
714 2758 774 2802 non
794 2746 899 2820 aptum
921 2757 989 2800 esse
1008 2738 1120 2801 beatae
1139 2737 1183 2800 illi
1202 2735 1378 2800 transitioni

47 2824 200 2888 hciendae.
230 2827 346 2890 Venies
362 2829 463 2909 igitur,
478 2848 505 2891 ιι
497 2829 596 2892 'haec
609 2828 802 2909 praestiteris
817 2825 900 2908 (Deo
916 2828 1009 2890 etiam
1025 2827 1062 2889 de
1078 2826 1214 2901 occultis,
1234 2826 1295 2888 ds'
1286 2843 1377 2907 sgnu-
1379 2888 1382 2893 .

47 2913 114 2975 retis
134 2916 288 2995 peccatis,
313 2917 350 2978 de
374 2918 512 2998 opinione
535 2919 634 2980 cultus
653 2916 720 2980 Deo
742 2917 884 2999 praestiti
905 2917 936 2978 in
961 2917 1146 2998 quorundam
1170 2910 1378 2997 exagitatione
1438 2990 1441 3006 .

47 3003 194 3066 ιιιιιιιιι
209 3012 243 3066 ιι
259 3002 468 3087 deprecatus),
483 3007 602 3082 venies,
624 3007 758 3090 inquam,
779 3007 811 3069 in
825 3005 909 3068 illnm
924 3013 1043 3068 coetum
1059 3005 1231 3080 electorum,
1245 3003 1376 3087 mihique
1481 3072 1483 3077 ,

46 3090 135 3153 inille
149 3112 262 3174 magno
284 3094 332 3156 die
355 3096 395 3157 ad
410 3096 542 3158 tribunal
560 3095 674 3159 Christi
690 3096 876 3176 comparenti
892 3095 983 3157 testis
999 3094 1074 3170 eris,
1096 3113 1143 3156 me
1158 3094 1241 3157 nullo
1255 3094 1377 3176 privato

45 3179 136 3242 edio
127 3201 159 3243 ιι
179 3183 370 3262 pontificem,
393 3185 566 3266 episcopos,
589 3185 774 3259 sacerdotes,
790 3185 846 3246 sed
861 3203 943 3247 mero
958 3184 1024 3246 nelo
1040 3181 1107 3257 Βιι,
1130 3182 1230 3246 studio
1247 3184 1376 3247 manda-

43 3277 132 3332 ιιιιιι
146 3279 181 3332 ιι
194 3271 395 3335 institutionis
411 3273 535 3348 Christi,
550 3286 622 3336 cora
636 3273 906 3376 praemonitionem
922 3273 986 3353 ejus
1003 3279 1036 3334 et
1049 3273 1268 3354 Apostolorum
1283 3267 1377 3356 (qnae

43 3354 226 3437 proclivitate
249 3381 366 3423 summa
384 3363 613 3425 mediocrium
605 3363 791 3442 mgeniornm
814 3362 846 3424 in
869 3362 1039 3425 Romanam
1061 3361 1155 3423 illam
1168 3361 1376 3425 monarchiam

41 3448 81 3509 ιιι
95 3449 289 3528 tyrannidem
305 3451 545 3540 ecclesiasticam
560 3446 750 3555 trahuntur),
764 3450 851 3526 bis,
841 3468 978 3554 nunqnam,
999 3450 1036 3512 de
1052 3450 1158 3512 causis
1167 3450 1199 3512 in
1213 3450 1268 3512 illa
1281 3450 1376 3513 liber·
1428 3495 1431 3503 ·
1530 3475 1534 3482 ·

41 3542 98 3598 tate
113 3538 285 3612 stetisse,
276 3559 307 3601 nn
323 3536 382 3621 qua
396 3542 454 3603 Dei
476 3541 625 3622 permissu
644 3548 735 3603 natus
751 3559 831 3614 snnn,
853 3557 949 3621 neque
959 3540 1044 3620 jugo
1049 3539 1188 3601 Romano
1210 3540 1377 3621 mancipari

2 3700 6 3711 ς
40 3624 112 3688 ultro
134 3626 268 3689 uoluisse
290 3647 407 3704 eornm,
430 3631 561 3711 qni-non
583 3636 702 3692 tantum
723 3628 901 3707 ceremoniis
921 3627 1177 3704 indifferentibus,
1202 3647 1278 3711 qnae
1302 3648 1375 3711 per·
1466 3693 1468 3700 ,

41 3714 146 3777 similes
162 3716 318 3792 suntillis,
333 3718 474 3800 aquibus
489 3720 527 3781 D.
543 3719 656 3781 Paulus
672 3717 804 3781 Galatas
820 3718 940 3792 asserit,
957 3716 1149 3781 Christianos
1165 3727 1301 3794 onerant,
1321 3717 1376 3780 sed

41 3804 124 3865 etiam
139 3805 237 3867 verba
252 3814 284 3867 et
298 3808 444 3871 mandata
453 3807 569 3872 Christi
585 3800 1112 3890 ecAposcolnrnm‘pericnlnsissime
1126 3807 1375 3888 interpretantur,

36 3892 78 3970 jus
92 3893 151 3956 hoc
165 3893 388 3975 interpretandi
404 3915 490 3958 annm
504 3896 591 3958 unice
607 3896 771 3970 facientes,
793 3915 901 3958 sensus
916 3895 1078 3971 humanos,
1101 3895 1275 3977 quibuscum
1289 3894 1375 3957 Dens

38 3999 84 4060 per
98 4000 172 4044 snos
187 3983 343 4047 ministres
362 4004 454 4066 agere
471 3985 578 4047 solitus
594 3993 658 4059 est,
679 3984 856 4065 simpliciter
871 3982 1080 4065 captivantes,
1101 3991 1137 4047 ut
1152 3983 1243 4048 aliter
1256 3985 1277 4046 ιι
1288 3983 1374 4066 jndi-

39 4088 99 4132 eare
115 4090 178 4133 non
200 4073 332 4152 possint,
355 4093 444 4155 qnam
458 4074 731 4155 interpretamenta
752 4073 854 4135 verbis
877 4073 987 4137 alicubi
1009 4073 1189 4136 ediametro
1212 4093 1280 4137 esse
1297 4092 1372 4136 con·
1401 4098 1403 4101 ·

38 4160 134 4222 unia
180 4157 249 4231 Quo
263 4162 485 4244 interpretandi
495 4158 608 4225 'stricto
620 4163 688 4242 jure
704 4181 850 4225 concesso
865 4161 939 4224 nihil
954 4181 1045 4244 porro
1061 4162 1203 4238 deluerit,
1225 4181 1263 4225 ne
1278 4161 1372 4243 ipsis-

38 4247 103 4311 sinuo
120 4249 243 4331 quidem
255 4249 448 4314 Antichristo
465 4247 568 4334 (quem
582 4252 614 4313 in
628 4253 742 4333 templo
751 4247 810 4315 Dei
826 4258 858 4312 et
872 4251 971 4333 ipsum
986 4252 1091 4315 sedere
1107 4251 1182 4315 dicit
1196 4245 1373 4332 scriptura),

37 4355 87 4417 qao
101 4357 231 4419 regnum
247 4341 377 4403 suumin
393 4342 523 4404 ecclesia
538 4340 685 4416 stabiliat,
700 4339 961 4407 Ohristievertat

114 4429 203 4490 Haec
218 4447 286 4510 ego,
302 4430 459 4492 commotis
473 4429 587 4492 intimis
602 4428 797 4510 praecordiis,
819 4429 905 4510 qnasi
920 4431 1103 4510 migraturus
1124 4447 1195 4493 cum
1205 4429 1372 4510 migraturo

36 4510 115 4597 (quia
128 4517 294 4594 incertum,
315 4528 385 4581 nter
400 4521 528 4582 alterurn
542 4512 751 4599 praevertat),
772 4518 911 4598 responsi
933 4519 999 4581 loco
1022 4519 1062 4580 ad
1083 4526 1203 4600 partem
1224 4517 1373 4600 epistolae

34 4604 153 4686 stagnis
167 4608 253 4671 luae
270 4609 309 4670 de
323 4610 429 4672 morbo
444 4616 477 4671 et
489 4615 586 4670 morte
602 4607 738 4669 instante
757 4608 941 4689 respondere
959 4607 1049 4669 volni.
1094 4606 1208 4688 Spero,
1230 4608 1306 4671 haec
1327 4608 1374 4681 ιιι

35 4696 161 4777 excipies
175 4718 196 4759 a
210 4698 383 4772 scribente,
404 4698 449 4760 nti
465 4698 577 4761 solitus
589 4714 623 4758 es
638 4697 777 4776 excipere
792 4697 965 4776 loquentem
987 4703 1020 4759 et
1029 4696 1242 4778 disputantem
1264 4698 1301 4759 de
1316 4716 1372 4759 ea-
1428 4696 1430 4705 '

34 4783 94 4846 dn
108 4786 249 4850 materia
294 4786 339 4850 Fa
360 4786 495 4870 quamuis
511 4785 773 4868 aliusquispiann,
793 4785 919 4849 vitando
940 4785 1072 4850 inuidiae
1093 4785 1373 4870 pensaunium

839 4886 842 4896 ,
1126 4887 1166 4943 8·
1199 4935 1200 4938 Ἴ
1365 4900 1367 4903 ,
