3134 5482
213 242 275 298 452
455 236 457 248 '
736 234 844 298 Eclegae
865 233 1009 285 Chionitas.
1072 230 1074 233 ’
1103 254 1105 257 ·

213 413 296 475 Nam
327 409 414 492 quod
445 409 550 471 miuus
583 408 760 471 verecunde
784 408 815 472 id
839 408 925 491 lacit,
957 429 1008 471 res
1031 416 1080 472 est
1103 408 1179 472 alia.
1225 407 1297 481 Etsi
1320 413 1356 470 tn
1378 410 1510 490 argutam

212 502 244 563 in
267 498 431 575 vocabulo,
462 497 567 578 quasi·
585 497 645 560 hoc
668 500 736 580 ejus
759 498 969 578 praecipuum
992 495 1075 560 esset
1097 502 1278 579 peccatum,
1304 495 1391 578 quod
1412 519 1513 562 omnen

212 587 484 653 Christianitatem
500 586 591 649 dicat
601 606 719 664 errare,
735 585 866 668 perinde
881 584 1056 667 quasi'uon
1068 606 1104 650 se
1118 585 1186 668 ipse
1197 586 1384 667 restringat,
1399 585 1516 651 adducto

211 677 358 741 Mariano
382 675 486 739 Scoto.
534 672 587 747 Sic
613 675 647 737 in
677 696 752 738 voce
788 694 933 749 »errare«
965 675 1158 756 praesidium
1183 674 1335 751 collocas,
1367 695 1406 738 ac
1427 676 1452 740 si
1471 697 1517 750 nen

210 767 276 830 sint
305 764 421 829 infiniti
451 774 596 827 errorum
625 763 755 844 gradus,
786 783 901 845 graves
922 771 955 827 et
977 763 1113 840 leviculi
1145 764 1275 847 omnino
1299 783 1340 827 ac
1361 765 1390 827 si
1407 764 1520 828 dixisset

211 853 361 933 Scaliger,
394 852 480 915 hunc
511 852 671 918 eeclesiae.
704 872 800 934 quern
824 851 911 928 dicit,
944 873 1085 921 errorem
1106 855 1178 915 'esse
1201 852 1241 916 de
1261 850 1357 916 firle'
1390 852 1431 916 Et
1452 853 1519 934 quod

211 949 248 1006 tu
278 944 310 1005 in
333 939 480 1004 thesibus
500 941 606 1004 innuis
629 940 810 1023 exeurplum
828 942 925 1023 (puto
948 941 1087 1005 terelle
1101 939 1189 1004 illud
1213 941 1253 1004 de
1278 941 1382 1005 aetati
1403 943 1520 1018 mundil,

210 1032 245 1095 id
275 1031 413 1094 multum
443 1027 549 1092 differt
579 1049 599 1091 a
630 1030 801 1111 praesenti.
845 1029 920 1093 lam
943 1028 996 1092 diu
1020 1030 1104 1093 enim
1128 1035 1185 1106 est,
1211 1047 1286 1103 cum
1311 1050 1414 1095 nemo,
1431 1031 1521 1104 nestit

211 1120 286 1202 plus
314 1139 384 1181 esso
412 1118 445 1181 in
469 1117 594 1181 calculo
617 1119 822 1191 Graecorum,
854 1139 951 1200 quam
968 1116 1076 1187 babu-
1096 1119 1224 1182 veritas.
1269 1119 1397 1200 Atqui
1421 1118 1522 1200 primns

211 1231 270 1291 pro
301 1206 467 1270 Hebraicis
502 1204 566 1269 istit
596 1207 722 1269 Graeca
745 1206 849 1271 nimio
880 1214 976 1271 ariete
1007 1207 1148 1288 scripsit,
1163 1234 1164 1237 ¹
1179 1208 1207 1270 is
1239 1208 1358 1308 opinor
1389 1215 1446 1272 ant
1472 1208 1523 1289 ipse

213 1297 341 1364 erravit.
370 1302 431 1359 ¹suut
461 1294 489 1356 si
519 1294 651 1358 consilio
681 1295 766 1371 fecit,-
796 1295 922 1377 decepit
951 1316 1016 1372 eos,
1047 1295 1104 1376 qui
1132 1292 1232 1359 secuti
1245 1301 1345 1371 sunt.
1394 1294 1429 1359 Si
1444 1299 1522 1373 enin,

211 1386 276 1466 qui«
300 1384 392 1466 primi
425 1382 590 1447 caleulum'
616 1384 760 1450 inierunt
787 1386 904 1448 aetatis
926 1383 1051 1461 mundi,
1084 1384 1190 1447 uerius
1212 1383 1343 1466 aliquid
1365 1386 1521 1450 scivissent

212 1473 353 1554 profecto
375 1472 456 1535 hanc
479 1493 536 1535 seu
555 1472 852 1553 interpretationem
869 1494 924 1536 seu
941 1472 1185 1556 descriptionem
1201 1493 1341 1538 θιιοεθειι
1356 1479 1521 1556 peccantes

211 1584 276 1627 non
311 1561 447 1624 fuissent
481 1560 606 1623 secuti·¹
635 1559 756 1624 Licebit
792 1560 870 1624 mihi
900 1561 940 1625 de
969 1561 1030 1626 hac
1059 1581 1094 1624 re
1124 1581 1182 1643 per
1212 1562 1246 1625 te
1276 1561 1373 1644 loqui
1404 1583 1473 1626 curn
1496 1561 1520 1626 B.

210 1650 390 1731 Augustino
414 1649 453 1712 de
477 1649 612 1713 Ciuitate
632 1649 702 1713 Dei.
733 1649 816 1726 Dixi,
841 1649 1020 1722 aliudesse
1042 1670 1115 1712 cum
1137 1650 1286 1732 exemplo
1304 1657 1430 1716 nostro.
1458 1649 1520 1714 lian

211 1738 342 1820 quando
372 1735 512 1818 Scaliger
541 1739 606 1801 ista
633 1738 773 1820 scripsit,
811 1745 938 1820 praeter
967 1746 1001 1802 te
1031 1744 1063 1802 et
1092 1738 1306 1803 Maestlinum
1335 1761 1433 1805 nemo
1458 1738 1519 1804 forte

209 1829 280 1903 t'uit,
304 1827 360 1908 qui
383 1827 423 1890 de
447 1826 656 1908 quadriennio
678 1827 784 1892 sciret.
831 1827 872 1890 Et
894 1833 1069 1909 antequam
1091 1827 1186 1910 hujus
1210 1829 1335 1895 aetatis
1358 1828 1518 1907 chronnlui

210 1918 360 1996 interque
391 1916 510 1996 prunos
535 1912 676 1996 Scaliger
707 1915 746 1979 de
775 1914 1081 1989 biennio-moneret,
1113 1912 1207 1980 uerno
1230 1916 1319 1980 forte
1342 1918 1518 2000 quivisset

210 2005 308 2068 seivit.
355 2006 438 2068 Earn
462 2004 705 2067 Uliristmanuus
727 2012 759 2067 et
782 2004 1124 2083 Eucliolaerus-atlhuc
1145 2006 1288 2069 retinent
1312 2006 1517 2088 Dionysianan

123 2114 130 2123 ·
211 2093 380 2174 epurclr'am3
410 2093 568 2155 llaronins
598 2113 671 2156 vero
702 2099 774 2174 post
788 2091 1004 2181 ¹'Saulis—serum
1031 2093 1168 2174 scn'psit,
1200 2092 1390 2175 Buritingus
1416 2095 1454 2158 de
1473 2114 1517 2157 uuo

210 2182 280 2245 solo
311 2202 395 2244 anno
425 2182 555 2244 latetur.
588 2180 635 2244 ,Si
665 2180 855 2250 extantus
884 2189 942 2245 tua
972 2181 1251 2257 demonstraveris·
1290 2185 1350 2264 qui
1380 2181 1516 2268 primide

210 2269 336 2334 biennio
360 2269 562 2345 monuerint,
593 2268 775 2333 sublevabis
805 2291 856 2333 me
886 2270 1007 2348 labore,
1037 2291 1111 2337 narn
1141 2291 1239 2349 meos,
1274 2280 1315 2337 ut
1332 2274 1437 2349 rides,
1466 2273 1516 2352 lego
1564 2284 1565 2309 ³

210 2357 425 2439 patriarchas.
471 2357 668 2439 Exemplum,
700 2359 786 2439 quod
810 2380 850 2424 ex
873 2359 904 2423 S.
928 2361 1050 2425 Hilario
1073 2358 1187 2437 auem
1201 2367 1305 2442 negat
1326 2363 1514 2426 mendacium

210 2452 307 2527 negat
328 2447 687 2527 vitiumnegligentiae:
712 2457 801 2511 error
823 2469 886 2512 non
908 2449 954 2512 ita
976 2468 1073 2528 grane
1094 2448 1265 2531 quippiam,
1287 2458 1340 2514 est
1361 2453 1396 2516 in
1411 2451 1516 2522 remise
1563 2458 1565 2522 j

208 2535 401 2616 significatu.
446 2534 530 2598 Diris
548 2535 700 2617 equidem
723 2535 1132 2618 devoveremTScaligerum,
1151 2537 1185 2615 si
1201 2537 1337 2608 (ficeret.
1361 2541 1515 2603 universam
1563 2570 1565 2621 3

208 2623 376 2688 ecclesiam
395 2623 538 2687 mentiri.
585 2623 654 2688 Etsi
680 2625 727 2703 iis,
744 2625 816 2707 ‚qni
837 2624 1039 2690 delectentur
1061 2625 1239 2706 calumniis,
1271 2626 1361 2692 idem
1384 2637 1432 2692 est
1452 2628 1514 2691 iren
1564 2639 1565 2642 ’

210 2713 272 2789 tiri,
297 2732 413 2787 errare,
439 2713 618 2794 impingere,
643 2711 719 2776 labi.
1228 2752 1232 2766 »
1467 2749 1472 2755 ‚

300 2801 362 2866 Sed
384 2807 601 2878 revertamur,
629 2821 669 2865 ne
693 2822 732 2870 ex
755 2801 974 2884 disputatione
990 2801 1233 2883 ‘chronologica
1263 2802 1337 2868 fiat.
1354 2805 1470 2871 ethica.
1490 2823 1514 2864 u

206 2889 419 2971 inquisitione
445 2889 588 2954 veritatis
616 2890 757 2954 defensio
783 2890 929 2962 hominis.
959 2892 1121 2956 ⁴'lantum
1146 2891 1207 2956 hoc
1235 2889 1343 2972 addo,
1356 2911 1435 2980 'non'
1459 2891 1513 2957 nili

211 2978 312 3042 uideri
333 2979 525 3058 consultum,
550 2984 587 3042 ut
606 2990 690 3059 qnae
712 2985 745 3042 et
761 2985 891 3065 ¹ueteres
913 2985 1111 3061 agnoverunt
1127 3000 1192 3062 ,pro
1215 2979 1369 3062 lapsibus
1392 3003 1448 3047 seu
1466 2999 1512 3045 un·

210 3067 411 3133 moriaeseu
430 3067 694 3143 ratiocinationis,
718 3076 830 3134 eorum
850 3066 968 3153 similia
985 3089 1046 3133 nos
1062 3068 1275 3154 in'mysteria
1298 3078 1512 3136 conrnune:
1560 3075 1563 3150 i

204 3176 253 3218 ne
278 3155 377 3230 simul
408 3156 572 3243 vilescant
599 3157 744 3220 comessa
778 3158 930 3238 mysteria
960 3177 1042 3243 cum
1062 3158 1282 3223 controversis
1318 3160 1422 3233 hisce,
1457 3178 1514 3223 nen
1559 3153 1563 3236 ξ

205 3243 399 3319 ιεοιιιιιιιιιιιιιι
420 3245 543 3310 frustra
560 3243 778 3329 praebeamus
801 3245 980 3325 ingeniosis.
1558 3256 1561 3321 3

299 3331 341 3396 Et
356 3333 433 3413 quia
447 3332 490 3395 ad
505 3332 590 3396 bunc
608 3333 714 3397 locum
730 3332 851 3404 deuenit
872 3340 1025 3416 rogatum
1036 3338 1068 3399 te
1083 3334 1153 3400 velo
1172 3339 1332 3419 majorem
1348 3338 1382 3401 in
1398 3337 1511 3402 modun
1559 3332 1561 3409 j

206 3427 250 3483 »ut
275 3420 353 3484 milii
380 3441 398 3483 e
422 3421 546 3490 Graeco
574 3421 752 3505 exemplari
777 3421 960 3505 Epiphanii.
975 3423 1169 3504 descriptum
1197 3425 1314 3491 mittas
1342 3425 1437 3509 hujus
1461 3423 1511 3488 lou
1558 3459 1560 3462 ·

211 3508 267 3573 ubi
289 3509 329 3573 de
349 3507 550 3574 ludaeorum
571 3509 697 3575 calculo
718 3511 786 3592 agit
809 3510 911 3593 deque
934 3511 1295 3597 anticipationeverbis
1314 3514 1399 3579 bene
1420 3513 1511 3596 longis
1558 3581 1560 3586 ,

210 3598 306 3662 simul
328 3598 433 3673 addes
450 3599 528 3679 quid
549 3598 607 3663 tibi
629 3619 785 3681 supereo
808 3599 878 3664 loco
901 3600 1061 3677 videatur,
1093 3621 1176 3681 quae
1198 3620 1279 3665 vera
1302 3601 1511 3686 deprehendas

210 3707 295 3768 quae
317 3684 518 3752 emendanda
537 3685 639 3770 putes,
664 3689 742 3770 quid
764 3688 822 3753 tibi
845 3689 947 3767 clare,
971 3688 1049 3769 quid
1072 3688 1207 3757 obscure
1224 3690 1356 3759 ¹dictum
1381 3691 1512 3756 rideatu.
1553 3692 1555 3744 Ῑ

210 3775 290 3857 quid
309 3775 481 3856 urtelligae,
507 3776 586 3856 quid
599 3798 682 3843 non.
726 3779 797 3859 Ego
825 3777 909 3841 enini
931 3778 982 3858 (sut
1008 3797 1143 3859 pergam
1165 3780 1450 3862 inpercensendis
1468 3778 1512 3872 ιιι
1553 3855 1555 3861 ¹

107 3934 110 3941 .
209 3864 307 3945 notis)
334 3866 382 3928 uti
411 3865 472 3929 lroc
500 3885 597 3929 sensu
614 3864 740 3933 lubens
768 3866 911 3933 eunius
928 3872 964 3929 et
993 3864 1130 3947 suspicio
1161 3863 1396 3934 auctoritatem
1425 3865 1511 3951 quod
1554 3867 1555 3871 ’

203 3953 406 4030 Palestinae,
429 3955 463 4017 in
483 3970 523 4017 eo
546 3954 733 4035 praecipue,
754 3954 845 4037 ,quod
871 3960 1025 4024 testetur,
1049 3955 1182 4020 Latinos
1204 3956 1412 4023 Dominicmn
1431 3975 1511 4021 resur

209 4043 383 4107 sectionem
406 4043 617 4112 communiter
635 4049 764 4123 putare
778 4044 897 4109 iactam
920 4049 951 4106 8.
974 4043 1044 4108 Cal.
1068 4043 1187 4125 Aprilis
1210 4046 1304 4115 t'etsi,
1329 4046 1509 4127 preclusa

208 4129 319 4195 tbsses
337 4131 383 4194 ita
398 4136 534 4208 ,sonant
559 4131 608 4194 uti
631 4134 832 4215 egoaccepi,
862 4158 1007 4212 φορτικως
1030 4131 1070 4197 de
1089 4134 1352 4216 praescriptione
1380 4132 1510 4219 ponnus

204 4218 313 4300 deque
332 4223 406 4303 J'ure
429 4218 649 4297 decernendi3'
665 4221 775 4301 itaque
797 4221 936 4303 optarim
959 4221 1120 4306 asbestam
1144 4221 1245 4288 talem
1263 4223 1508 4292 decumuooeu
1549 4282 1550 4285 ,

208 4308 339 4390 qualem
360 4308 394 4371 in
417 4307 466 4372 his
490 4309 555 4374 tuis
579 4307 716 4391 pagellis
737 4309 892 4391 invenio),
916 4311 1150 4375 tameumulto
1172 4311 1265 4375 illam
1288 4315 1422 4397 majoris
1439 4310 1508 4377 ledo

207 4403 382 4479 poetquam
403 4395 602 4484 Epiphanius
624 4394 757 4473 aceedit,
781 4397 879 4479 idque
900 4398 1019 4480 duplici
1042 4400 1179 4467 nomine.
1225 4400 1374 4467 Primum
1395 4398 1507 4484 synode
1561 4474 1567 4482 ἵ

207 4485 394 4568 simpliciter
417 4491 557 4550 testatur
572 4485 612 4549 de
628 4486 802 4551 multarum
822 4487 1199 4552 ecclesiarumconsensu
1215 4490 1255 4554 de
1272 4497 1304 4556 8.
1322 4490 1389 4556 Cal.
1404 4487 1506 4572 apuu

201 4581 241 4638 ot
263 4573 416 4655 relinqunt
436 4575 790 4657 conjecturisnostris,
813 4596 907 4656 quae
933 4575 1026 4660 hujus
1043 4577 1210 4658 ¹opinionis
1237 4598 1341 4644 causa
1365 4576 1504 4647 mutent

204 4660 435 4745 indagandum.
482 4663 711 4729 Testimonium
737 4663 883 4748 perhibet
910 4664 953 4730 de
977 4670 1070 4730 teste.
1114 4668 1160 4730 nt
1185 4667 1391 4750 Epiphanius
1416 4666 1504 4731 liberal

206 4768 263 4814 nos
286 4770 381 4816 onere
403 4753 593 4837 conjiciendi
616 4759 649 4818 et
660 4753 750 4832 dicit,
773 4754 844 4819 illos
860 4752 921 4819 hoc
943 4748 1125 4820 haberee'x
1148 4756 1229 4819 actis
1251 4757 1348 4823 Pilati
1368 4765 1398 4821 et
1419 4752 1502 4818 eaden
