3134 5482
549 227 656 290 Eclogae
681 227 826 276 chronicae.
1283 231 1347 288 415

27 400 173 482 neglecta
196 400 362 482 elegerunt
385 399 468 483 diem
491 398 599 466 fixum.
638 401 732 465 Vides
756 400 890 465 eundem
914 401 1044 477 Bedam‚
1067 402 1122 483 qui
1143 403 1348 476 conservarit

30 488 87 552 ista
114 489 308 570 fragmenta,
340 487 433 553 valde
457 489 588 553 dubium
610 506 707 572 super
729 488 862 554 diversis
884 491 1088 571 antiquorum
1110 484 1345 570 traditioniims,

31 579 79 659 qui
109 598 244 643 causam
271 598 336 640 non
358 578 487 646 invenit
519 598 576 641 cur
598 578 755 730 synodum
778 578 883 661 potius
905 577 1124 643 Palaestinam
1147 585 1347 660 sequeretur.

31 665 82 729 liic
113 686 233 767 porro,
254 686 311 729 cur
338 666 424 730 iuter
451 673 623 750 prtaeroga
624 669 691 730 iras
719 666 782 731 1151
806 667 983 732 dominicae
1004 686 1060 730 sen
1083 667 1170 730 verni
1193 667 1347 750 temporis

30 753 70 817 1111
93 754 237 837 eprscopi
258 760 326 818 tam
349 754 517 855 diligentes
540 777 601 818 nou
626 755 817 820 invenerunt
839 755 931 841 hanc,
955 752 1135 836 concepisse
1157 755 1195 819 B.
1210 756 1348 820 Mariam

29 848 76 909 25.
108 843 235 922 Martii,
276 843 411 925 idque
403 865 437 908 m
466 843 665 917 Palaestina,
701 842 758 908 ubi
788 864 839 908 res
869 845 981 925 gesta?
1025 845 1074 912 Ex
1104 864 1169 926 quo
1198 844 1248 908 vel
1277 844 1346 908 solo

27 937 149 995 certum
181 937 241 1010 est,
271 931 463 996 traditiones
493 931 620 1013 aliquas
643 931 810 997 historicas
833 953 941 996 rernm
964 938 1126 1032 gestarum
1149 931 1347 1014 temporibus

25 980 260 1103 posterioribus
290 1027 389 1083 ortas
435 1020 494 1084 Dic
524 1040 661 1099 rursum,
693 1010 824 1084 5511555
855 1042 894 1084 ex
924 1019 1111 1084 sanctificat
1089 1026 1130 1083 trs
1152 1026 1224 1084 octo
1247 1021 1347 1085 [runis

25 1107 178 1189 1555111
203 1108 272 1173 051.
296 1109 400 1191 Majas
423 1092 583 1190 paschalis
607 1128 675 1172 esse
697 1110 826 1191 potest?
871 1108 939 1173 Imo
963 1115 1076 1191 potest,
1106 1115 1137 1173 et
1158 1115 1269 1173 tamen
1290 1108 1348 1173 illa

23 1196 165 1279 synodus
188 1202 288 1275 cavet,
312 1216 353 1260 ne
375 1195 471 1261 liceat
488 1197 669 1278 transgredi
688 1198 805 1261 constit
805 1203 897 1261 ntum
912 1198 994 1262 limit
980 1204 1045 1261 etm
1061 1202 1133 1280 post
1119 1196 1218 1261 501
1234 1197 1346 1282 Mayas

22 1287 64 1350 ht
94 1286 205 1367 sequit
206 1306 245 1348 ur
276 1305 435 1367 expresse:
472 1285 499 1347 si
529 1285 689 1352 5155515155
720 1292 752 1349 55
773 1286 866 1351 Ituna
883 1306 934 1350 ¹er
955 1285 1020 1357 illis
1044 1291 1116 1349 octo
1138 1291 1230 1349 sanct
1216 1285 1327 1349 tificat'
1304 1292 1347 1349 trs

23 1387 56 1448 (a
83 1374 192 1437 1515
217 1373 283 1454 22.)
314 1373 401 1438 intra
430 1374 584 1438 terminos
614 1375 669 1439 xl.
702 1372 770 1440 Cal.
802 1376 879 1458 Apr.
912 1380 944 1438 et
966 1374 1069 1460 Majas
1096 1373 1225 1450 incidat,
1256 1373 1347 1438 illam
1445 1396 1447 1408 ·

20 1461 127 1525 solam
152 1482 221 1528 esse
237 1462 365 1544 pascha.
396 1462 544 1544 Denique
565 1462 646 1542 vide,
661 1483 769 1557 quam
786 1482 920 1526 causam
930 1461 1045 1528 afferat
1032 1461 1265 1546 5Τ155]ι111ιι5,
1291 1484 1349 1526 cnr
1403 1533 1407 1549 ,

20 1550 62 1615 51
85 1549 175 1615 VIII.
199 1550 267 1615 051
291 1549 334 1614 51
356 1549 410 1615 111.
435 1549 502 1614 051.
519 1551 729 1630 5555551555
731 1550 879 1616 tscilicet
894 1551 962 1615 dies
977 1550 1149 1634 passionis
1150 1550 1296 1615 15515151
1282 1557 1345 1616 t.ur

20 1638 211 1715 AtBeda
202 1658 270 1721 rpse
293 1659 333 1703 ex
354 1630 442 1704 1555
428 1638 528 1703 515115
551 1647 584 1704 51
606 1602 683 1719 aliis’
701 1660 832 1703 causam
855 1637 932 1707 dicit
918 1639 1061 1715 taliam,
1095 1660 1194 1720 quam
1218 1640 1347 1704 Clarius

21 1736 53 1792 et
77 1732 191 1792 omnes
215 1727 410 1810 approbant:
435 1727 671 1809 aequinoctium
693 1747 818 1828 nempe,
844 1729 931 1828 quod
955 1733 1063 1792 aetate
1079 1726 1162 1791 1115
1154 1749 1187 1790 55
1203 1724 1258 1791 XI
1277 1729 1346 1793 051

19 1837 95 1879 cere
126 1814 362 1899 perficiebatur,
391 1816 519 1898 dequo
541 1816 645 1881 altum
669 1816 772 1881 silent
750 1825 831 1881 tuum
853 1816 887 1880 in
909 1817 965 1880 1115
987 1815 1099 1899 synodi
1122 1815 1345 1898 descriptione,

19 1903 75 1968 nbi
100 1903 190 1967 VIII.
215 1903 283 1969 051.
313 1903 405 1968 55155
428 1904 621 1987 aequinoctii
643 1905 750 1970 adhuc
770 1910 850 1969 tnnc
872 1905 1068 1988 perhibetur,
1085 1924 1175 1990 qnae
1197 1925 1238 1967 ne
1261 1904 1345 1970 Sosi·

18 1993 111 2075 genis
147 1993 277 2074 quidem
312 1998 468 2056 aetatet
470 2015 522 2057 am
557 2015 631 2058 sera
660 1993 729 2058 1515.
789 1997 899 2077 Atque
929 1994 990 2059 hoc
1021 1999 1069 2057 est
1055 1992 1290 2057 tiundament
1276 1999 1347 2057 tum

19 2100 167 2147 nmmum
175 2081 313 2144 auctorit
315 2087 403 2145 t
350 2075 550 2146 umtuarum
564 2082 702 2166 Reliqua
710 2087 945 2166 tuaargumeut
946 2071 1346 2161 555515555555555*1

102 2193 145 2246 Jo
166 2172 843 2264 11551555115551555151111151.11111);851155
864 2194 986 2256 aestimo,
1008 2193 1065 2247 5155
1086 2192 1346 2286 cujusquamdolore

19 2279 69 2326 ant
91 2271 275 2326 amaritudine
296 2273 474 2326 discordiac'
467 2291 494 2326 m
515 2290 609 2342 cumpo
631 2275 681 2349 hoc
702 2276 796 2328 ludere
817 2275 1015 2344 chronologico.
1058 2274 1150 2335 Quare
1171 2274 1193 2326 51
1215 2273 1242 2327 15
1263 2276 1346 2352 alter·

19 2363 82 2405 utro
115 2346 282 2421 peccandum
315 2353 363 2414 sit,
392 2353 483 2406 malim
514 2351 600 2406 videri
627 2354 713 2407 minus
730 2357 797 2407 zelo
824 2355 969 2425 flagrans
960 2353 1112 2415 veritatis,
1143 2370 1224 2424 quam
1249 2348 1346 2429 parum

19 2434 160 2485 modestus
178 2428 231 2484 aut
250 2431 395 2501 religiosus
416 2432 582 2486 christianae
603 2433 722 2508 pietatis.
752 2434 802 2488 Et
820 2433 885 2487 mihi
907 2429 1022 2503 quidem,
1044 2433 1101 2486 sire
1118 2434 1200 2486 baec
1198 2423 1347 2502 approbes,

19 2529 93 2603 quse
116 2511 214 2574 scribo,
235 2512 304 2563 sire
312 2511 455 2581 improbes,
476 2514 617 2566 decretum
636 2520 679 2566 est
699 2529 792 2567 amere
811 2521 840 2566 te
861 2522 891 2571 et
909 2515 998 2567 Deum
1019 2512 1156 2578 laudare
1149 2531 1176 2566 m
1192 2507 1365 2575 telmessi

17 2593 46 2645 15
66 2593 148 2644 donis
169 2591 233 2653 suis,
254 2592 330 2644 bouis
351 2598 444 2651 autem
464 2596 526 2645 tuis.
567 2592 596 2646 Si
618 2592 710 2663 quid
704 2611 740 2646 m.
752 2593 826 2646 hisce
840 2593 907 2646 meis
922 2592 1051 2662 agnoscis
1067 2592 1132 2655 reri,
1155 2592 1182 2646 15
1197 2592 1349 2646 hocDeum

18 2674 107 2725 lauda
133 2679 164 2725 55
189 2688 232 2724 me
257 2671 373 2724 ricis'sim
400 2688 475 2733 ama;
501 2673 542 2726 siu
568 2673 611 2726 vel
637 2688 657 2725 a
676 2673 797 2726 veritate
818 2671 1001 2727 velrcaritaoe
1021 2672 1166 2725 deflexisse
1186 2689 1229 2725 me
1249 2674 1347 2740 depre-

16 2753 136 2814 hendas,
157 2752 274 2804 reducas
294 2768 345 2814 me,
366 2769 455 2821 neque
475 2758 567 2806 tamen
587 2752 676 2805 oderis
697 2769 749 2815 555,
770 2755 818 2806 sed
839 2769 959 2807 errorem
980 2768 1076 2806 meum.
1102 2751 1214 2805 Interim
1228 2754 1348 2815 coeleste

16 2833 123 2885 dietum
142 2830 252 2900 utrique
272 2833 395 2900 placeat:
425 2828 491 2884 Non
511 2840 537 2884 te
555 2841 720 2924 praetereat
737 2834 871 2887 narratio
894 2834 1049 2897 sesamam,
1071 2833 1132 2924 ipsi
1150 2832 1222 2883 enim
1240 2832 1347 2883 didice-

16 2919 90 2964 rant
113 2929 133 2962 a
140 2911 290 2983 patribus
312 2913 393 2970 csis‚·
415 2913 552 2980 quoniam
568 2903 702 2980 sibiipsis
723 2911 818 2965 disces
839 2912 1010 2970 intellectam
1031 2920 1056 2963 et
1075 2905 1347 2985 intemporeoeces·

16 2992 122 3043 sitatis
156 2991 227 3044 dure
259 3007 436 3065 responsum
480 2992 521 3043 Et
558 2991 669 3045 iterum:
711 2991 865 3061 Interrogo
894 2993 1102 3060 generationem
1129 2992 1288 3083 pristinum
1321 2998 1347 3040 et

17 3071 178 3140 diiiqenter
199 3071 342 3139 investigo
359 3079 479 3140 patrum
498 3073 662 3123 menterioni
703 3070 842 3123 Hesterni
861 3072 969 3140 qnippe
987 3088 1085 3122 snmus
1098 3078 1124 3122 et
1137 3071 1196 3138 ipse
1193 3069 1348 3121 decedenti

19 3161 54 3205 te.
76 3125 241 3217 loquecitas
263 3149 315 3201 tibi
335 3157 362 3223 et
383 3150 417 3200 de
438 3150 522 3204 corde
543 3167 595 3203 suo
613 3151 770 3227 proferent
780 3144 948 3220 eloquiw).
985 3149 1034 3202 Cui
1049 3149 1198 3219 genuinum
1218 3155 1261 3201 est
1281 3149 1347 3202 illud

16 3227 191 3284 Aristotelis
201 3229 343 3281 monitum:
364 3235 468 3282 utnon
488 3228 575 3281 minus
595 3210 699 3282 finirem
720 3229 904 3283 adhibeamus
918 3231 998 3282 iidem
1012 3229 1198 3298 pronunciatis
1213 3228 1347 3297 55515555

16 3316 101 3368 natm
129 3308 212 3378 qnam
232 3307 455 3362 ineluctabilibus
481 3292 764 3363 demonstrationibus.
807 3310 994 3379 Quapropter
999 3315 1090 3362 ratum
1112 3314 1156 3362 est
1174 3307 1240 3362 milri
1262 3314 1347 3379 atque

16 3389 212 3448 deliberatum,
239 3404 309 3449 sam,
336 3404 417 3458 qnam
444 3388 521 3440 nobis
546 3388 676 3457 majores
690 3389 777 3442 555551
803 3398 833 3442 51
857 3398 923 3442 rere
949 3404 1064 3442 aureum
1090 3397 1200 3458 patmm
1227 3390 1348 3442 secnlnrn

16 3469 115 3522 tritam
134 3467 272 3536 reliquere
292 3467 372 3528 riam,
393 3480 442 3537 pre
462 3467 569 3522 5551555
590 3474 620 3521 51
634 3470 870 3524 demonstratione
890 3468 1104 3537 complectimi.
1131 3466 1254 3531 Veritas,
1276 3485 1349 3539 quae

16 3548 147 3600 Christus
174 3555 231 3609 cst,
262 3547 371 3601 temetsi
397 3547 464 3601 alibi
492 3547 599 3618 quaeri>
614 3555 721 3616 potest,
749 3556 871 3602 attamen
897 3548 1003 3603 5555151
1030 3549 1057 3602 15
1084 3549 1172 3602 medio
1198 3551 1349 3603 Doctorum

16 3624 136 3684 inveniri
162 3634 261 3695 potest.
302 3627 387 3680 Nemo
413 3644 493 3696 porro
520 3646 557 3680 ex
583 3633 641 3680 toto
668 3627 714 3680 illo
741 3629 767 3681 S.
789 3623 903 3682 Petrum
918 3629 1006 3682 choro
1027 3628 1099 3681 dixit
1119 3630 1166 3682 vel
1186 3628 1279 3681 docuit
1299 3636 1350 3681 aut

16 3707 128 3768 didicit,
159 3705 212 3761 alio
238 3723 348 3784 passum
374 3724 466 3762 ruens-e
494 3706 644 3768 Christum,
675 3723 756 3776 quam
781 3708 896 3769 Martio,
928 3714 957 3760 et
984 3707 1124 3777 quidem
1117 3727 1144 3761 m
1164 3705 1250 3760 feria
1248 3715 1348 3769 sexta,

16 3786 149 3856 proxima
175 3786 352 3857 aequinoctio.
400 3785 467 3839 Cnm
492 3787 544 3840 hac
571 3798 673 3839 corona
697 3801 791 3841 senum
817 3786 988 3841 verisimilis
1002 3787 1138 3842 minimum
1164 3787 1241 3856 sequi
1267 3789 1348 3849 malo,

17 3883 103 3937 quarn
123 3867 193 3918 adeo
214 3865 266 3919 illis
288 3883 325 3919 ex
346 3864 493 3919 diametro
500 3867 649 3919 adversari.
704 3873 769 3922 Vale
796 3882 823 3922 et
845 3872 912 3922 bunc
938 3872 1081 3927 candorem
1089 3887 1173 3956 meum
1192 3880 1219 3921 et
1236 3872 1349 3922 animum

101 4064 127 4132 *1
157 4075 196 4124 11
219 4086 235 4119 ο
262 4055 349 4131 boue,
381 4086 434 4124 non
462 4070 599 4145 sequitur,
632 4071 654 4124 si
680 4071 755 4140 fugit
780 4073 912 4142 synodum
939 4069 1039 4143 aliquid
1067 4069 1280 4141 praeteritorum
1304 4070 1349 4123 rel

17 4148 221 4223 praesentium,
243 4154 321 4218 'puta
346 4149 403 4202 dies
430 4150 576 4204 creationis
604 4150 767 4221 longissimis
794 4159 868 4206 retro
895 4150 993 4204 seculis
1019 4151 1186 4220 praeterita,
1215 4156 1265 4203 ant
1291 4149 1349 4204 dies

18 4228 188 4300 aequinoctii
209 4246 246 4281 ex
268 4228 382 4282 scientia
404 4230 593 4292 astronomica,
616 4246 683 4300 ergo
705 4248 739 4284 ne
760 4232 868 4302 quidem
888 4232 922 4283 de
942 4229 1128 4299 diepassionis
1139 4230 1236 4284 testari
1248 4235 1349 4299 potest,

18 4310 65 4363 rix
86 4315 156 4362 ante
177 4309 230 4361 duo
251 4310 345 4380 secula
363 4317 504 4378 peractae,
525 4309 642 4363 omnium
662 4310 877 4364 Christianorum
896 4309 1027 4364 memoria
1048 4310 1288 4365 celebratissimae.
1319 4308 1320 4311 ’

90 4400 139 4465 ”i
168 4402 240 4451 Haec
254 4402 336 4452 ethice
349 4410 451 4466 praeter
463 4417 517 4452 rem
529 4406 821 4471 praesenteminculcat,
832 4398 934 4454 consilio
946 4415 1016 4468 rapa
1028 4419 1074 4452 ror
1087 4401 1216 4455 Διινυσοι
1229 4419 1349 4470 evagans,

18 4483 46 4524 nt
69 4478 156 4538 mains
181 4474 277 4538 ailquid
301 4476 397 4523 innuat
424 4473 464 4522 ¹ln
489 4488 568 4524 causa
593 4472 770 4539 boc‘simplex
795 4483 924 4532 comatur,
949 4477 975 4524 iu
1001 4477 1143 4525 testimonio
1168 4477 1199 4526 de
1223 4491 1251 4526 re
1277 4484 1351 4541 gesta

18 4547 125 4598 1155515
145 4546 288 4609 potissimas
307 4558 362 4594 esre
382 4552 466 4608 partes
485 4560 581 4601 eornm.
600 4547 643 4610 qni
662 4554 745 4595 aetam
764 4549 869 4611 proximi
887 4547 990 4597 fuerunt
1006 4555 1034 4596 et
1044 4546 1108 4605 loco
1125 4562 1235 4613 quosque
1246 4550 1351 4599 attinuit

18 4633 65 4677 res,
85 4632 134 4667 nec
153 4616 231 4667 tacita
251 4617 376 4666 55515551
394 4630 467 4679 posse
486 4617 538 4666 tale
556 4619 737 4678 testimoninm

88 4685 155 4748 W)
184 4688 217 4736 Et
244 4685 305 4734 mibi
334 4687 433 4749 placet,
461 4688 577 4751 quicquid
605 4696 690 4750 patres
719 4675 860 4746 affirmant,
889 4703 938 4737 non
956 4689 1184 4746 ratiocinationem,
1212 4689 1257 4738 sed
1274 4688 1349 4738 tidem

18 4768 147 4823 gestemus
173 4766 218 4806 aut
243 4763 399 4805 narratorum
418 4760 496 4806 555551
517 4758 618 4814 nudans,
644 4758 678 4807 111
696 4761 866 4807 testimoninm
886 4774 971 4807 eorum
991 4771 1149 4825 nequaquam
1169 4758 1348 4825 vilipendere
