3144 5474
447 300 481 351 ad
494 253 598 352 Sethurn
611 301 754 352 Calvisium.
1209 278 1274 352 275

96 440 166 502 otiis
182 448 287 503 textus
311 450 343 504 et
364 443 435 524 quia
449 444 613 507 historicae
636 445 760 508 veritati
782 466 840 507 non
857 446 902 508 ita
918 454 1078 528 repugnat,
1099 448 1202 511 utilia
1217 456 1278 510 tua.

97 550 168 592 nam
191 531 229 593 ob
245 550 308 593 rem
323 540 408 595 tuam
425 534 583 614 praefers?
616 532 735 617 Quia,
727 536 841 617 unquis,
866 535 981 626 antiqui
998 537 1041 598 sic
1056 537 1337 601 intellexerunt·

96 627 164 682 sunt
179 621 334 684 internos
350 623 425 696 dnos
442 623 567 704 antiqui,
581 624 684 705 plures
697 646 719 686 a
733 644 781 686 me
798 614 892 698 stant,
908 625 988 705 quod
1002 645 1108 688 vocem
1126 628 1279 711 ιἰιιίρίιιιι

96 718 208 772 ιοιιιιιι
225 713 299 772 est
290 733 326 786 rs,
343 731 429 793 quem
446 713 572 793 allegas,
587 713 739 794 Ignatius,
760 715 814 776 sad
829 733 929 788 meus;
953 735 1023 777 nam
1038 716 1108 797 quia
1124 715 1279 779 Christum
1355 730 1358 737 '

96 818 128 861 se
143 800 187 862 30
203 819 316 875 annos,
338 821 397 864 non
423 801 516 882 igitur
531 801 620 876 ait,
611 820 708 882 ipsum
724 812 796 866 tunc
818 804 968 884 incepisse
984 824 1052 866 esse
1069 805 1276 879 tricenarium

96 889 188 968 liegat
202 890 382 965 Baronius,
394 891 436 952 sic
451 891 518 953 aiii:
543 891 617 953 solie
632 891 693 953 iliis
708 893 788 954 idem
803 901 861 968 est,
874 894 1016 973 explesse
1038 895 1081 958 30
1097 902 1130 956 et
1145 895 1276 975 incipere

96 978 219 1053 ratium,
242 979 349 1060 quibus
372 987 560 1042 monstrosas
575 981 745 1044 locutiones
767 982 892 1045 civitate
910 981 1031 1047 Graeca
1054 984 1167 1048 donare
1190 985 1277 1046 ludus

96 1064 187 1143 lapr'
167 1066 403 1149 αρχομιιοςώι,
425 1069 456 1131 id
473 1077 535 1132 est:
559 1069 615 1150 ἐγω
632 1067 762 1152 ἄρχομαι
777 1072 857 1133 eirca.
894 1071 984 1133 Dc‘'
965 1093 1002 1134 ns
1022 1092 1111 1147 vere,
1134 1073 1183 1154 qui
1206 1092 1277 1134 vere

96 1180 211 1238 ισμιιος
233 1158 272 1220 ad
289 1167 424 1220 aetatem
441 1159 610 1222 retulerunt
597 1154 722 1241 t(quos
743 1160 823 1223 inter
845 1161 1005 1226 Erasmus:
1031 1163 1199 1244 incapiedct
1213 1183 1279 1223 eree

99 1241 166 1320 30,
189 1254 220 1308 et
241 1247 408 1311 Luthcrrs.
440 1243 580 1330 drqlenq
603 1247 632 1311 ir
655 1243 877 1330 octbreilliqelt
893 1247 966 1324 Ser,
991 1251 1077 1314 alibi:
1102 1248 1279 1333 Crimen

98 1335 128 1399 iu
143 1335 200 1398 het
217 1334 267 1399 30.
277 1332 373 1417 Sept,
396 1336 447 1399 ubi
463 1355 554 1417 agere
570 1338 754 1402 tricesimum
770 1345 819 1401 est
834 1346 923 1403 aetas
939 1339 1066 1402 delinita
1088 1349 1125 1402 et
1136 1341 1277 1422 praecisa

96 1432 201 1487 torum
223 1433 255 1487 et
276 1427 421 1489 tricesimi
442 1421 624 1507 currentis),
647 1427 709 1490 diri
725 1429 815 1509 paulo
832 1436 937 1501 antea,
960 1449 1035 1510 quas
1058 1430 1272 1495 excusationes

96 1521 108 1576 t
123 1533 213 1596 quem
228 1535 287 1577 uon
303 1515 514 1598 praejudicent
528 1517 774 1599 ceteris-ipsique
789 1517 866 1580 adeo
876 1517 1001 1580 veritati
1017 1537 1085 1581 sese
1101 1519 1273 1595 evidentius

96 1604 132 1664 ti.
472 1659 474 1664 .
538 1654 543 1659 .
610 1603 611 1608 ’

96 1701 152 1755 τιιίιι
169 1712 307 1767 eausam,
330 1712 382 1755 cur
397 1695 554 1774 praeferas
575 1694 859 1775 interpretationem
876 1704 973 1770 tuam,
996 1696 1073 1758 dicis
1090 1714 1157 1757 osse
1175 1694 1276 1760 Scaii-
1297 1722 1299 1727 ¹

96 1790 250 1863 ¹erpretem
272 1783 435 1849 eorundem
456 1784 616 1846 verborum
637 1784 861 1865 amplissimum.
905 1785 972 1864 Ego
990 1785 1095 1867 jurato
1118 1782 1276 1864 Scaligero
1289 1785 1307 1864 J

105 1871 164 1934 nisi
180 1872 319 1952 exempla
333 1873 489 1948 afferenti,
509 1873 617 1953 quibus
632 1874 757 1953 probet,
779 1873 834 1955 dyc
860 1876 918 1950 alm
933 1871 1096 1955 α’ρχομινος
1112 1872 1164 1949 e'r,
1185 1893 1276 1936 usur·

96 1960 144 2041 lya
166 1960 300 2042 α’ρχομιιι
322 1962 407 2024 aleas:
437 1961 661 2043 quodsi-etiam
682 1963 839 2043 probaret,
869 1970 971 2027 tamon
994 1964 1092 2028 adhuc
1123 1963 1276 2044 singulare

98 2049 177 2130 ,ἐγω
192 2052 327 2132 α’ρχομαι
342 2052 414 2113 elaea
428 2050 502 2117 droa
517 2052 554 2127 λ’,
576 2051 655 2114 idem
672 2071 739 2115 esse
756 2052 835 2133 quod
851 2053 962 2133 incipio
984 2053 1113 2134 primum
1133 2061 1167 2115 et
1181 2052 1276 2115 trice·

96 2141 149 2201 fam
164 2141 293 2214 Patres,
314 2142 364 2221 qui
379 2159 533 2206 numerum
548 2140 708 2220 huncejus
724 2148 903 2216 tenuerunt,
924 2160 999 2204 voce
1022 2149 1125 2204 tamen
1146 2139 1278 2223 ἄρχομαι

96 2247 230 2297 umerum
250 2229 446 2292 evincendum
469 2249 530 2292 nou
546 2230 667 2292 luerunt
688 2231 783 2293 abusi.
829 2233 905 2298 'ihm
921 2239 1039 2307 autem,
1060 2239 1096 2293 ut
1118 2231 1218 2293 omnia
1233 2231 1277 2292 ilii

96 2370 97 2382 ,
120 2335 196 2398 quae
213 2318 568 2393 affirmataecnriseime,
590 2320 721 2384 noudum
743 2327 843 2382 tamen
862 2328 1001 2394 constat,
1022 2340 1093 2383 num
1109 2321 1203 2394 etiam
1217 2318 1276 2382 hoc

96 2405 254 2489 ι’ρχομιιος
275 2408 317 2469 ad
336 2408 552 2488 praecedentia
574 2408 612 2470 de
626 2416 734 2471 aetate
751 2409 868 2473 Christi
890 2409 932 2472 sit
947 2409 1108 2472 referenda
1123 2430 1162 2471 au
1178 2409 1276 2471 inter·
1360 2456 1361 2459 ,

102 2497 332 2577 distinguenda,
355 2505 389 2559 ut
405 2498 441 2558 de
457 2497 625 2561 ministerio
643 2496 758 2560 Christi
775 2503 879 2560 acuet:
903 2517 973 2567 narn
996 2499 1131 2560 rationes
1153 2499 1211 2560 huc
1227 2497 1276 2560 in-

98 2602 136 2647 on
158 2586 237 2647 illuc.
274 2588 404 2650 Frustra
420 2606 491 2665 erge
514 2582 679 2648 tu'seusus
702 2587 862 2648 verborum
882 2587 1101 2666 Evangelistae
1125 2588 1276 2666 ponderas

96 2673 292 2777 aSqaiigeri,
314 2675 339 2737 si
355 2675 421 2755 ipse
436 2675 588 2738 rationum
603 2675 765 2742 momentis
788 2675 847 2736 fuit
862 2675 1036 2739 destitutus
1084 2675 1275 2755 iniquissime

96 2763 274 2838 criminaris,
297 2764 376 2845 quod
398 2764 554 2844 expressis
576 2764 677 2832 verbis
692 2763 911 2844 Evangeiistae
928 2764 1089 2845 obloquor,
1111 2770 1295 2844 propterea.

96 2870 130 2913 un
147 2869 250 2914 eorum
266 2851 508 2931 Scaligerianum
524 2872 609 2934 sequi
599 2853 703 2917 ‘.nolo

96 2942 293 3002 auctoritates
309 2948 379 3002 tuas
395 2941 532 3023 sequitur
547 2949 585 3002 et
594 2942 683 3014 ratio,
700 2960 752 3005 cur
767 2942 926 3022 praeferas
942 2949 1026 3002 tuam
1042 2940 1275 3021 interpretatio·

96 3029 307 3092 scilicetnou
324 3030 456 3101 addatur
471 3030 584 3111 aliquid
600 3031 636 3092 dc
653 3031 881 3111 praedicatione
899 3029 1022 3094 Christi.
1046 3029 1093 3091 At
1109 3037 1161 3090 cur
1177 3028 1275 3090 adde-

96 3118 301 3184 dimmediate
309 3119 520 3198 praecessit?
546 3116 623 3189 Quis
646 3120 848 3200 intelligeret,
871 3118 942 3199 quid
965 3118 1007 3179 sit
1023 3113 1131 3196 iilud'
1111 3139 1277 3198 αρχομιιος

103 3205 190 3288 dom,
206 3228 233 3268 ιι
224 3207 376 3269 historia
387 3204 429 3268 de
444 3208 503 3269 hoc
519 3207 605 3269 initio
623 3207 741 3272 demum
757 3214 943 3288 sequeretur,
958 3206 984 3269 si
1000 3225 1061 3268 uon
1076 3206 1277 3286 praecederet

96 3296 271 3369 adreiertpr
291 3314 352 3358 vox
366 3294 540 3400 iacipiene?
572 3284 686 3375 Crem
707 3298 826 3359 miram!
859 3297 935 3358 Tum
957 3296 1075 3358 demum
1092 3301 1177 3357 esset
1200 3296 1275 3356 dura

97 3403 200 3446 earum
216 3384 358 3456 conditio,
381 3386 406 3448 si
422 3393 514 3487 esset,
537 3385 616 3486 quod
631 3393 664 3447 tu
680 3384 845 3460 desideras,
869 3384 895 3447 si
910 3404 971 3446 non
986 3384 1195 3476 praecederet,
1218 3383 1273 3446 sed

96 3474 189 3535 haec
204 3460 348 3547 historia,
370 3481 443 3536 tuuc
459 3474 537 3535 enim
552 3474 605 3536 vix
620 3474 770 3536 inveniret
791 3475 868 3537 haec
883 3493 958 3549 vox,
981 3492 1125 3553 quorsum
1141 3493 1174 3535 se
1190 3472 1272 3535 reci·

96 3568 245 3642 aterquam
260 3562 300 3623 ad
316 3569 451 3624 aetatem
467 3561 592 3628 Christi.
635 3564 742 3643 Negas
758 3571 803 3638 tu,
819 3562 955 3626 additam
971 3581 1040 3624 esse
1056 3562 1217 3624 historiam
1234 3563 1271 3625 de

96 3649 222 3726 Christi,
237 3669 314 3732 quae
329 3652 566 3743 praedicationis
583 3658 631 3714 cst
646 3646 771 3715 initialis
788 3651 976 3715 solennitas?
1004 3651 1073 3713 Non
1090 3669 1164 3732 ergo
1180 3651 1271 3713 addi-

96 3740 143 3821 rod
158 3739 333 3803 immediate
349 3734 577 3823 praemittitur?

96 3848 165 3893 enus
189 3849 258 3893 mea
280 3830 359 3894 ratio
389 3830 537 3913 secunda,
567 3849 619 3894 cur
641 3849 796 3894 numerum
817 3829 1011 3900 tricenarium
1036 3847 1096 3890 non
1122 3827 1270 3908 accipiam

96 4009 152 4069 itur
168 4008 262 4070 tertia
277 4016 310 4070 et
325 4000 468 4090 primaria
483 4008 577 4083 ratic,
600 4009 688 4090 quod,
704 4016 848 4088 separata
863 4028 938 4072 voce
954 4007 1080 4088 delinita
1096 4003 1271 4089 ἄρχομιιος,

96 4116 128 4158 m
143 4116 204 4158 vox
218 4097 376 4160 indefinita
391 4093 461 4159 cinae
475 4099 633 4178 praecedit
649 4117 794 4160 annorum
805 4097 999 4161 tricenarium
1014 4117 1170 4160 numerum
1186 4115 1270 4159 eum-

96 4187 177 4263 ium:v
204 4206 265 4249 nou
287 4195 338 4249 eat
357 4187 450 4268 igitur
473 4186 595 4248 definite
618 4187 811 4268 accipiendus
833 4186 892 4249 iste
923 4206 1064 4265 numerus
1086 4185 1271 4250 necessario.
1323 4193 1330 4206 ⁴

96 4275 147 4352 rit,
170 4295 317 4339 annorum
332 4277 375 4339 30
390 4277 458 4357 plus
480 4275 577 4338 minus
601 4296 667 4342 curu
689 4276 845 4356 inciperet.
889 4277 979 4340 Hunc
1000 4295 1087 4339 nsum
1103 4276 1187 4338 vocis
1203 4270 1272 4338 dore
1327 4341 1337 4358 ⁸

96 4323 204 4428 ralibus
220 4366 347 4447 probavi
364 4366 510 4446 exemplis
527 4384 564 4426 ex
579 4365 755 4445 Evangelio.
787 4365 894 4447 itaque
910 4365 1013 4428 nescio
1031 4386 1069 4428 au
1085 4364 1269 4428 beneEras-

96 4454 132 4516 rit
96 4457 260 4537 rferrrae3
290 4473 360 4517 nam
382 4455 459 4517 haec
473 4472 548 4528 vox,
570 4461 606 4518 ut
628 4462 660 4516 et
676 4453 797 4517 Graeca
812 4459 916 4536 σχεδον
931 4454 1037 4516 vident
1024 4461 1073 4516 tur
1096 4460 1150 4535 pot
1152 4452 1197 4514 ius
1214 4452 1269 4514 de-

96 4562 175 4624 quem
191 4544 378 4626 significare,
399 4551 434 4608 ut
456 4544 553 4606 ferme
565 4544 744 4606 tricenarius
761 4542 817 4618 sit,
840 4543 890 4624 qui
905 4544 1035 4606 nondum
1052 4542 1141 4623 plane
1165 4548 1213 4603 att
1214 4539 1271 4621 igit

96 4639 156 4696 lem.
201 4634 248 4696 At
269 4653 330 4696 vox
352 4628 420 4695 dcet
443 4632 579 4695 admittit
601 4633 770 4714 promiscue
792 4633 843 4695 vel
858 4651 1016 4694 excessum
1038 4632 1086 4693 vel
1110 4631 1260 4693 deiectum

96 4723 202 4785 :etiam
218 4721 276 4785 tihi¹
290 4708 465 4796 notandum,
481 4721 530 4803 qui
546 4741 613 4785 cum
629 4722 787 4803 Scaligero
804 4720 973 4796 contendis,
994 4720 1067 4783 nihil
1083 4719 1214 4782 defuisse
1231 4719 1268 4781 de

1005 4908 1070 4973 18·’
