3142 5482
572 245 652 298 Notae
678 246 792 298 Editoru.
1275 247 1337 312 533

15 425 170 502 israelitae
192 441 226 480 ex
242 431 398 497 praecepte,
413 402 451 480 'ut
465 425 642 481 luminaribus
662 428 895 482 accommodarent·
914 424 1072 496 principium
1092 424 1169 488 anni,
1190 442 1337 481 accommo-
1405 427 1413 437 '

15 510 126 561 danunt
151 524 217 561 vero
231 507 314 560 ‘idern
340 504 423 560 etiam
449 507 555 576 punctis
575 507 779 561 xcardinalibus:
806 507 930 600 equidem
956 507 1150 578 probabilitate
1174 525 1227 560 non
1252 515 1338 571 earet,

15 596 123 658 gentes
145 595 252 640 ceteras
274 586 343 639 idern
363 586 493 639 babuisse
513 603 549 640 ex
571 586 698 641 instinctu
718 588 839 640 naturali
860 588 946 640 etsie
967 586 1066 641 divino

112 668 140 721 7
170 666 198 721 Si
219 665 323 719 divinus
344 671 387 719 est
407 664 556 727 instinctus,
576 673 608 720 ut
622 674 720 737 gentes
741 666 944 720 observationes
965 666 1110 720 siderum
1102 684 1129 720 ιιι
1149 664 1256 734 punctis
1278 682 1337 720 car·

14 732 160 803 dinalibus
186 745 336 799 adhibeant
356 746 391 798 ad
411 740 564 800 inchoanda
583 762 635 800 sua
654 754 791 815 tempora,
818 746 962 801 verisimile
972 752 1033 808 ιιι,
1056 746 1082 799 in
1103 744 1161 814 ipso
1187 746 1338 815 archetypo

14 827 121 879 mentis
148 825 298 887 humanae,
326 825 378 878 hoc
399 832 442 878 est
466 826 493 880 in
518 825 579 894 ipsa
597 827 691 881 Mente
711 827 864 888 creatrice,
892 825 1021 895 temporis
1047 826 1133 879 creati
1159 826 1338 888 durationem,

14 920 93 975 quae
115 911 159 957 est
173 905 260 958 reluti
279 904 339 958 rita
353 906 488 976 quaedam
503 914 532 963 et
547 914 625 959 aetas
646 913 833 960 creaturarum
854 905 978 968 omnium,
1000 905 1156 975 insignitam
1176 905 1259 958 luisse
1274 922 1337 958 con·

14 984 104 1038 simili
133 984 277 1053 principio,
304 989 341 1038 ut
355 1001 392 1037 ιι.
413 993 487 1038 esset
513 985 626 1055 insignis
653 986 759 1057 aliqua.
790 984 906 1056 quinimo
933 985 1082 1077 praedipua
1110 985 1241 1047 omnium,
1270 1001 1338 1053 quas

14 1061 174 1117 ιιιιιιιιιιι
199 1064 286 1118 ferret
312 1064 475 1129 necessitas,
502 1065 639 1167 copulatio
665 1082 713 1119 seu
738 1064 878 1134 dispositio
904 1064 1055 1119 siderum
1047 1081 1074 1119 ιιι
1100 1065 1206 1135 punctis
1235 1061 1339 1119 zodiaci

14 1143 214 1197 cardinalibus.
677 1183 680 1196 .

109 1223 138 1277 8.
168 1224 397 1314 Quemadmodum
424 1240 488 1277 rero
519 1223 653 1287 homine-s,
678 1223 756 1278 unius
782 1223 857 1316 globi
884 1223 1023 1278 terrestris
1048 1221 1167 1284 incolae,
1184 1224 1282 1278 Solem
1310 1228 1339 1277 eb

13 1303 158 1357 Lunam
150 1320 176 1356 ιιι
188 1301 334 1374 principiis
355 1314 463 1356 suorum
483 1310 633 1373 temporum
653 1304 822 1358 conserunt
815 1321 842 1357 ιιι
857 1302 1016 1365 cardinalia,
1036 1312 1184 1372 propterea
1204 1305 1274 1374 quod
1290 1302 1336 1357 Sol

13 1391 45 1435 et
66 1383 152 1435 Luna
171 1398 239 1450 prae
255 1382 357 1436 ceteris
378 1383 458 1436 astris
479 1383 645 1452 potissimum
666 1383 826 1454 ipsisetsuo
840 1383 924 1453 globo
946 1382 1101 1443 inserviunt,
1121 1400 1161 1437 ιιι
1171 1401 1207 1439 ex
1223 1385 1338 1437 adverso

13 1461 104 1516 totius
133 1461 225 1518 mundi
244 1470 337 1529 aetas,
364 1478 445 1533 quem
469 1463 602 1518 latissime
627 1470 706 1534 petet
732 1464 843 1524 aether,
869 1462 977 1518 ridetur
1003 1464 1149 1515 decurrere
1176 1464 1276 1515 debere
1302 1462 1339 1515 ab

13 1541 140 1595 omnium
167 1541 272 1595 omuino
298 1543 505 1611 planetarum'
498 1560 525 1597 m
550 1544 732 1598 cardinalibus
757 1542 864 1612 punctis
889 1532 1062 1610 dispositione
1089 1541 1257 1604 rationabili,
1284 1557 1341 1612 qua

14 1620 200 1689 dispositione
221 1623 318 1675 saltem
338 1628 485 1676 creaturae
500 1623 678 1691 spirituales,
685 1623 801 1676 motibus
821 1621 984 1675 coelestibus
1004 1621 1172 1690 praelectae,
1193 1621 1231 1674 sic
1246 1623 1339 1675 admo·

15 1708 155 1754 nerentur
174 1702 209 1754 de
229 1708 325 1754 aetate
343 1701 443 1765 mundi,
464 1703 535 1755 sicut
554 1720 603 1757 nos
622 1702 743 1758 homines
768 1703 941 1756 admonemur
961 1703 995 1754 de
1015 1702 1112 1786 nostris
1140 1701 1218 1754 annis
1238 1717 1257 1754 a
1276 1717 1340 1755 con·

13 1779 209 1849 junctionibus
229 1780 300 1834 Solis
317 1786 350 1835 et
368 1781 465 1834 Lunae
485 1780 532 1835 dc.

112 1860 139 1913 9.
169 1860 230 1913 Jnm
251 1875 315 1913 vero
334 1861 459 1915 Tabulae
479 1861 682 1931 Rudolphinae,
708 1862 772 1915 dum
795 1866 883 1914 mot-us
908 1859 1024 1914 omnium
1050 1861 1221 1929 planetarum
1247 1874 1340 1912 omnes

16 1939 56 1992 ab
78 1938 190 2007 epochis
205 1939 302 2010 nostri
328 1940 471 2009 temporis,
498 1946 568 2010 quae
594 1941 718 2006 nituntur
743 1940 977 1994 observationibus
1002 1940 1136 2009 Tychonis
1157 1939 1264 2001 Brahe,
1289 1954 1339 2008 per

16 2019 142 2088 epochas
161 2019 352 2083 Ptolemaicas,
373 2021 607 2075 observationibus
626 2021 778 2076 Ptolemaei
797 2021 891 2083 nixas,
912 2028 986 2074 motu
1007 2020 1145 2090 aequabili
1166 2027 1196 2073 et
1215 2020 1250 2072 ad
1271 2024 1340 2085 tem·

17 2098 94 2167 poris
115 2098 291 2153 intemallum
315 2090 488 2154 exactissime
508 2100 647 2171 cognitum
667 2102 878 2162 accommodato,
898 2115 1002 2155 sursum
1024 2101 1160 2154 deducunt
1175 2101 1209 2152 ad
1225 2098 1341 2167 plurima

18 2194 155 2232 annorum
181 2176 214 2244 (ιι
235 2173 359 2242 luissent)
380 2178 478 2242 millia;
500 2182 562 2234 dum
582 2180 648 2243 hoc,
669 2180 792 2250 inquam,
818 2179 937 2242 iaciunt,
961 2181 1027 2239 dum
1046 2181 1179 2255 nituntur·
1195 2175 1341 2250 hypothesi

18 2256 205 2319 astronomica
224 2259 345 2328 capitali,
364 2265 453 2313 motus
469 2259 628 2330 aequabiles
648 2260 747 2315 seculis
767 2261 890 2321 omnibus
906 2275 987 2330 quam
1004 2260 1126 2328 proxime
1147 2261 1255 2312 eosdem
1271 2273 1340 2321 esse,

18 2354 70 2390 nec
100 2337 300 2407 quicquamsin
329 2340 405 2392 coelo
436 2339 579 2394 labascere
608 2355 696 2411 neque
733 2339 918 2394 inconstanter
950 2338 1064 2401 nutare,
1099 2340 1200 2393 nullam
1235 2336 1341 2391 omnino
1393 2330 1395 2337 ’

18 2417 231 2485 deprehendunt
257 2417 439 2474 universalem
467 2418 668 2488 dispositionem
693 2419 885 2489 principiorum
909 2419 1027 2472 omnium
1046 2427 1167 2473 motuum
1187 2418 1215 2472 ιιι
1234 2415 1341 2486 punctis

18 2497 216 2557 cardinalibus,
235 2505 429 2569 praeterquam
449 2505 514 2566 ante
529 2507 650 2553 nostrum
671 2515 802 2554 armorum
817 2497 917 2552 Christi
932 2499 1068 2553 usualium
1088 2498 1249 2567 principium
1270 2512 1342 2551 anno

18 2576 132 2630 Juliano
153 2577 231 2630 3993
252 2585 379 2631 currente
405 2577 503 2631 mensis
523 2577 589 2632 Julii
609 2577 653 2632 die
674 2579 726 2641 24,
753 2594 827 2649 quae¹
844 2578 896 2631 fuit
914 2577 986 2631 feria
1005 2579 1032 2637 1.
1053 2578 1123 2631 bora
1144 2577 1171 2631 in
1192 2576 1340 2630 meridiam

18 2657 179 2710 tabularum
198 2657 335 2729 liudolphi
352 2657 382 2711 Ο.
399 2653 446 2713 to'
467 2654 661 2727 pomeridiana,
676 2674 753 2729 ,qnae
773 2664 846 2712 esset
865 2658 934 2711 bora
949 2658 976 2713 6.
997 2673 1111 2711 occasus
1128 2656 1199 2711 Solis
1220 2655 1247 2709 in
1262 2654 1342 2710 India

18 2737 53 2790 ad
76 2737 166 2791 lacurn
177 2736 292 2799 Casmin,
313 2736 457 2791 multorum
477 2737 618 2794 duriorum
638 2746 786 2807 parentent
817 2738 867 2792 lllo
888 2736 995 2807 in'loco
1016 2745 1083 2790 tunc
1104 2736 1206 2805 incepit
1225 2734 1355 2793 feriali·

17 2816 88 2870 Erat
108 2832 175 2869 vero
195 2815 327 2872 meridies
342 2824 406 2870 tunc
422 2815 564 2880 inGalliis,
585 2818 675 2873 media
687 2835 744 2872 nox
760 2818 787 2873 in
800 2816 927 2880 Brasilia,
948 2833 1027 2871 mane
1048 2817 1074 2870 in
1090 2833 1193 2870 oceano
1214 2813 1341 2877 australi,

18 2895 91 2949 feria
112 2913 149 2947 sc.
171 2896 192 2949 1.

111 2970 156 3029 ro.
187 2974 215 3030 Si
241 2975 327 3046 igitur
355 2991 549 3046 supponamus,
580 2993 672 3031 rocem
701 2976 861 3034 creatricem
889 2975 1063 3031 referendam
1086 2993 1152 3035 esse
1173 2976 1207 3029 ad
1235 2979 1339 3026 certum

17 3053 129 3125 aliquod
156 3062 285 3125 punctum
310 3057 387 3126 globi
408 3058 567 3122 Terrarum,
594 3074 629 3111 sc.
652 3057 678 3110 in
699 3057 738 3120 id,
759 3057 859 3127 inquo
880 3062 990 3110 creatus
1016 3063 1059 3109 est
1084 3055 1185 3124 primus
1211 3054 1290 3107 bomo
1310 3059 1341 3106 et

16 3136 165 3203 paradisus
185 3137 349 3228 voluptatis:
367 3142 444 3190 tunc
472 3138 523 3191 sub
552 3137 700 3192 meridiano
729 3138 805 3190 lacus
832 3135 940 3195 Casmin
969 3135 1069 3190 verba
1084 3133 1229 3189 creationis
1258 3147 1340 3187 sensu
1382 3185 1386 3191 .

16 3210 200 3284 grarnruatim
221 3215 259 3269 sic
273 3223 385 3285 possent
404 3215 499 3285 accipi.
519 3219 590 3288 quod
606 3224 671 3271 ante
687 3218 769 3270 horas
786 3216 824 3271 24
842 3215 886 3281 (si
890 3216 977 3273 horso
997 3221 1145 3284 potuerunt
1161 3231 1231 3275 esse,
1251 3214 1339 3267 nullo·

16 3297 82 3348 dum
103 3294 244 3349 existente
270 3292 355 3358 motu)
382 3303 479 3350 creata
505 3296 590 3350 fuerit
618 3312 709 3351 massa
737 3312 833 3350 carens
854 3297 929 3359 luce;
960 3296 987 3348 id
1008 3294 1136 3365 quamdiu
1163 3293 1202 3347 sic
1222 3291 1345 3353 durarit,
1447 3345 1451 3349 .

15 3390 137 3443 sospena
155 3375 245 3443 prima
263 3374 317 3429 luit
336 3375 440 3430 habita
481 3377 555 3447 Tunc
575 3384 638 3445 post
657 3377 739 3449 horas
762 3377 797 3432 12
819 3383 915 3430 creata
935 3375 1019 3451 luerit
1040 3376 1190 3445 luraquae
1211 3373 1341 3444 quamdiu

16 3454 54 3506 sic
76 3455 203 3518 durarit,
224 3455 314 3509 adhrm
333 3455 392 3509 sine
417 3463 506 3517 motu,
532 3462 618 3510 totum
639 3456 665 3511 id
686 3464 792 3525 tempus
816 3455 900 3509 fuerit
927 3455 1051 3510 habitum
1070 3471 1120 3523 pro
1141 3471 1220 3514 mane
1246 3453 1340 3522 ριιιιιο.
1375 3487 1378 3500 ·

16 3535 61 3588 Sic
84 3534 172 3605 igitur
193 3534 242 3588 illa
261 3551 378 3604 vespera
397 3541 427 3589 et
446 3536 498 3589 boc
518 3549 598 3590 mane
612 3534 712 3604 juncta
731 3536 934 3590 constituebant
953 3535 1024 3589 diem
1050 3534 1198 3589 creationis
1217 3533 1340 3602 primam

111 3643 156 3695 ll.
188 3640 276 3708 Finito
296 3641 348 3693 hoc
366 3641 411 3694 die
427 3640 454 3694 in
464 3640 549 3705 India,
571 3657 651 3712 quarn
666 3642 779 3711 primurn
795 3641 848 3694 luit
863 3640 1037 3694 constitutum
1053 3642 1249 3694 firmamentum
1270 3638 1342 3691 inter

17 3736 106 3791 aquas
129 3727 158 3773 et
179 3736 273 3790 aquas,
295 3720 341 3774 illo
363 3720 420 3791 ipso
441 3732 504 3774 actu
525 3724 637 3775 credere
662 3738 802 3791 possumus
827 3720 977 3774 constituta
997 3738 1058 3774 esse
1085 3721 1175 3773 omnia
1195 3718 1342 3772 intervalla

17 3805 195 3869 planetarum
215 3800 354 3863 coelestia,
376 3801 403 3855 in
424 3802 520 3871 quibus
540 3801 670 3871 planetae
691 3817 784 3854 cursus
805 3818 867 3854 siros
888 3806 1058 3854 exercerent.

110 3897 155 3950 ι’).
186 3898 224 3951 Et
244 3897 309 3967 quia
335 3886 392 3951 sine
417 3898 508 3953 mobili
528 3916 582 3954 non
607 3907 649 3953 est
675 3907 776 3964 motus,
803 3899 910 3952 ridetur
940 3897 1006 3952 nihil
1033 3897 1136 3951 habore
1163 3893 1290 3958 absurdi,
1317 3894 1340 3947 si

18 3977 155 4039 dicamus,
186 3978 279 4030 eodem
309 3987 442 4038 momento
468 3986 564 4032 creata
590 3998 649 4031 esse
676 3988 705 4032 et
730 3979 841 4032 mobilia
862 3978 921 4047 ipsa
947 3979 1110 4048 singulaque
1132 3976 1157 4029 in
1179 3976 1270 4045 spatia
1289 3990 1342 4027 sua

18 4062 96 4112 reiut
115 4074 132 4109 e
158 4056 341 4111 communibus
361 4059 516 4111 carceribus
536 4069 696 4128 punctorum
722 4059 900 4113 cardinalium
924 4059 1034 4112 dimissa
1054 4063 1089 4133 ¹et
1111 4064 1207 4128 quarto
1234 4057 1341 4108 densum
1376 4116 1377 4119 Ἴ

19 4136 170 4191 creationis
191 4136 234 4188 die
254 4136 361 4206 plenius
383 4143 526 4193 exornata.
771 4153 774 4157 “

111 4218 157 4272 13.
188 4217 258 4271 Num
279 4217 329 4272 etsi
344 4226 408 4270 tunc
428 4220 532 4271 demum
554 4218 670 4289 legimus
691 4219 792 4272 dixisse
807 4221 909 4272 Deum:
932 4219 1008 4287 fiant
1023 4216 1180 4268 lasaiaaria
1197 4224 1222 4268 et
1238 4214 1342 4270 stellae

19 4299 49 4349 in
65 4298 253 4365 firmamento,
283 4305 384 4361 tamen,
414 4297 552 4368 quiajam
577 4300 688 4352 luxerat
709 4299 752 4352 die
773 4300 871 4368 primo,
896 4298 950 4366 jum
971 4297 1103 4350 successio
1126 4297 1192 4349 lucis
1214 4303 1240 4348 et
1262 4302 1340 4348 tenc·

18 4378 133 4431 brarum
153 4377 197 4429 die
218 4378 335 4431 secundo
357 4383 385 4431 eb
405 4377 497 4441 tertio,
517 4378 543 4432 id
564 4397 655 4432 omnes
675 4378 797 4432 fatentur
817 4395 867 4448 per
886 4379 953 4431 lucis
974 4383 1083 4438 motum,
1107 4376 1191 4429 idest
1211 4392 1260 4444 per
1281 4374 1342 4448 ejus

20 4465 109 4510 ortum
133 4463 162 4509 et
183 4473 307 4510 occasum
329 4455 467 4511 accidisse.

111 4539 156 4591 14.
187 4538 325 4598 Quomodo
346 4538 432 4608 igitur
452 4545 539 4591 motus
560 4538 616 4592 luit
632 4522 697 4592 lucis
720 4544 783 4590 ante
804 4538 954 4606 plenariam
975 4536 1046 4591 Solis
1072 4534 1281 4605 effigiationem,
1302 4533 1341 4586 ιιι

19 4617 103 4670 etiarn
125 4617 247 4670 ridemus
268 4623 390 4672 statuere
410 4634 490 4689 posse
511 4621 683 4688 planetarum
702 4620 819 4672 omnium
839 4624 925 4671 motus
942 4624 1007 4671 ante
1017 4616 1228 4686 planetarum'
1221 4629 1341 4700 ipsorum

20 4690 174 4766 plenariam
196 4696 399 4767 effigiationem.
440 4730 443 4737 -=

115 4779 158 4832 15
189 4778 249 4831 Non
264 4777 372 4833 ridetur
387 4778 474 4849 igitur
492 4779 650 4848 principium
667 4785 785 4832 motuum
806 4764 998 4846 temporarium
1016 4776 1135 4859 alienum
1152 4793 1211 4828 esse
1222 4773 1340 4830 avernis
