3142 5482
224 239 285 301 tls
708 232 738 284 ln
756 231 839 298 orm
858 230 1037 296 ctrmcugta

223 415 371 483 appellant
413 412 459 468 Ita
477 413 563 467 minus
590 412 672 468 etiarn
697 413 833 467 dissensus
858 410 993 466 ιιίιιιιιιιιιιι
1017 416 1092 465 eust
1117 409 1188 465 inter
1207 409 1396 464 Ptolemaeum
1416 421 1441 465 et
1456 427 1496 480 pre
1555 469 1559 479 ,

223 495 322 562 phetas
343 492 548 562 Chaldaeosque
568 493 657 548 libros

313 573 358 627 93.
389 574 447 626 Hoc
466 579 547 640 pacto
573 568 772 627 numerabimus
799 546 939 625 etiamid
966 585 1051 624 annos
1078 569 1207 622 inclusive
1234 569 1405 638 captivitatis
1426 572 1456 623 ab
1473 575 1503 625 ll

223 651 353 706 sedeciae
374 653 409 704 ad
430 651 544 721 Cyrum,
571 652 777 722 faventibusque
804 643 967 703 documentis
994 649 1164 719 antiquitatis
1191 649 1320 714 omnibus
1346 651 1398 702 erit
1419 650 1506 703 Ιιιιιιιιι

225 732 302 785 talis.
323 738 399 784 Anno
411 730 455 784 27
471 738 534 799 capt
523 731 909 785 tivitatisNabuohodonosoro
930 729 1058 782 successit
1076 728 1298 792 Evilmerodach,
1319 729 1427 782 Danieli
1443 731 1507 782 dictus
1557 746 1569 791 ³2

222 813 360 864 Baltasar.
396 811 474 863 Hunc
495 827 564 864 anuo
586 811 611 863 3.
633 811 720 880 regui,
740 816 811 888 capt.
834 806 879 873 30,
899 809 1000 864 Darius
1013 809 1109 862 Medus
1129 809 1283 861 ιιιιιιιιιίιιι
1306 816 1336 861 ιι
1356 809 1508 878 Niriglissar'o
1547 807 1548 810 ’

223 890 340 942 sororius
361 889 429 941 inita
445 890 647 960 conspiratione
667 883 868 950 interfecerunt,
888 905 1056 963 regnumque
1081 888 1189 968 partiti,
1211 894 1244 939 ut
1264 889 1408 956 praedixit
1426 888 1509 947 Daniel,
1560 931 1568 937 ,ι

222 968 337 1030 Darius,
358 969 495 1021 Herodoto
515 975 670 1040 Astyages,
690 970 803 1024 Assueri
821 970 866 1022 vel
887 968 1022 1059 Cpaxaris
1050 967 1109 1036 (per
1123 952 1310 1029 metathesin)
1339 968 1423 1028 filius,
1444 968 1510 1018 frater
1565 1005 1571 1028 ,

222 1047 367 1103 Nitocridis
388 1047 481 1101 matris
496 1050 579 1118 regis,
601 1048 826 1117 septentrionales
846 1047 1005 1116 provincias,
1025 1047 1142 1102 Mediam
1153 1064 1187 1099 se
1199 1055 1229 1099 et
1239 1048 1368 1105 Persram
1389 1047 1511 1135 occupavit,

223 1135 341 1181 assumto
362 1143 452 1180 secum
466 1128 590 1191 Daniele,
610 1128 792 1198 Niriglissaris
814 1145 877 1180 vero
898 1128 1032 1180 australes
1053 1126 1173 1186 retinnit,
1191 1125 1377 1184 Chaldaeum
1390 1127 1511 1195 assyriam
1563 1160 1566 1166 -

224 1206 342 1275 Syriam,
361 1206 546 1270 Phoenicium,
566 1209 713 1271 Judaeum,
733 1214 905 1277 Aegyptum,
932 1206 1037 1260 nomine
1064 1206 1170 1276 quidem
1190 1205 1214 1257 Ι
1217 1196 1409 1265 ahassardaoi,
1429 1206 1468 1258 tilii
1483 1205 1512 1256 sui
1557 1215 1559 1241 1

224 1304 260 1338 ex
281 1284 337 1337 lilia
356 1286 634 1351 nabuchodonosoris,
656 1288 743 1341 adhtm
765 1286 917 1355 impuberis
948 1285 1000 1346 Qui
1019 1294 1098 1353 putre
1117 1293 1180 1354 post
1201 1285 1220 1337 3
1244 1302 1333 1337 annos
1354 1294 1452 1353 mortuo
1469 1301 1513 1336 ιιι

223 1365 305 1417 cessit
325 1381 473 1434 caesusque
494 1372 536 1419 est
562 1374 623 1436 post
643 1369 660 1420 9
681 1384 801 1428 menses,
828 1365 995 1434 captivitatis
1015 1381 1040 1420 a.
1062 1365 1107 1418 34.
1151 1364 1184 1433 hi
1206 1367 1343 1416 suffectus
1366 1373 1408 1417 est
1426 1382 1457 1416 ιι
1473 1364 1515 1415 alia

224 1443 327 1497 faenilia
347 1444 529 1509 Nabonnidus,
551 1448 684 1517 quondam
704 1448 753 1499 sub
773 1446 959 1501 Nabulassare
978 1444 1053 1512 pacis
1073 1445 1185 1514 legatus
1208 1444 1282 1495 inter
1296 1444 1394 1513 Lydos
1404 1454 1430 1496 et
1442 1445 1514 1495 lledos
1563 1484 1564 1494 ,

225 1524 260 1575 ab
281 1525 417 1576 Herodoto
438 1525 597 1580 nominatus.
627 1526 683 1580 Sub
703 1525 762 1588 boc,
785 1533 849 1579 ante
870 1523 917 1590 Ch.
940 1540 964 1577 a
987 1526 1061 1586 560,
1084 1524 1172 1591 Cyrus
1192 1524 1349 1577 Persarum
1370 1541 1420 1576 rex
1438 1524 1514 1582 lactus
1563 1545 1567 1556 ι

224 1601 318 1655 Medos
338 1617 497 1674 oppugnare
518 1605 607 1674 coepit
633 1621 702 1658 auno
726 1607 750 1660 1.
772 1605 877 1673 olymp.
900 1606 945 1668 55,
966 1603 1031 1663 sicit
1050 1603 1164 1656 Darium
1191 1619 1243 1654 seu
1264 1608 1436 1672 Astyagem,
1459 1609 1515 1670 post·
1570 1650 1571 1664 ,

224 1698 305 1751 quam
325 1682 347 1734 is
368 1699 451 1735 annos
475 1685 510 1737 19
531 1685 698 1754 imperasset,
720 1684 795 1736 annis
817 1697 910 1737 natum
930 1683 982 1745 81;
1003 1689 1127 1735 numerat
1148 1683 1219 1734 enim
1235 1683 1342 1736 Daniel
1364 1684 1399 1735 ab
1421 1687 1442 1736 l.
1456 1679 1516 1734 Darii

224 1764 259 1813 ad
281 1761 306 1813 3.
328 1763 393 1831 cyri
415 1763 447 1816 21
472 1778 556 1816 annos
577 1765 626 1816 sub
648 1764 766 1833 imagine
787 1763 897 1821 dierum,
919 1778 1004 1815 annus
1026 1768 1086 1814 erat
1101 1760 1258 1814 Nabonnidi
1282 1764 1329 1815 17.
1361 1763 1424 1815 Post
1441 1763 1516 1814 bledos

158 1906 161 1921 ‚
226 1842 313 1910 Cyrus
333 1842 447 1910 Lydiam
469 1843 629 1904 debellavit,
656 1844 718 1898 inde
738 1843 878 1912 Assyriam
899 1844 1022 1904 adortus,
1048 1842 1157 1893 tandem
1178 1841 1287 1893 exactis
1312 1843 1351 1895 68
1372 1840 1516 1909 captivitatis

224 1921 393 1988 babylonem
412 1922 484 1990 cepit
505 1939 583 1984 anno,
605 1923 649 1992 qui
671 1926 733 1975 erat
752 1924 797 1977 69.
820 1924 854 1975 ab
878 1924 922 1976 ll.
943 1921 1081 1974 Sedeciae.
1124 1921 1198 1973 Tunc
1220 1921 1324 1973 ludaei
1347 1928 1377 1973 ιι
1394 1919 1516 1988 Babylonii

224 2007 367 2058 numerant
390 2002 413 2054 1.
430 2001 503 2070 Cyri,
523 2008 555 2055 ut
575 2010 604 2054 et
623 2019 709 2056 canon
728 1998 986 2054 matbematicorum.
1017 2000 1123 2058 ludaei,
1145 1999 1312 2067 captivitate
1333 2003 1423 2054 soluta
1441 2003 1516 2051 desm-

224 2086 303 2131 rente
323 2094 348 2131 a
373 2080 396 2132 l.
413 2080 485 2149 Cyri,
504 2081 620 2151 jamque
634 2090 759 2134 currente
777 2084 821 2136 70.
843 2077 1018 2150 captivitatis,
1039 2080 1208 2132 inludaeam
1232 2080 1341 2132 reversi
1363 2081 1516 2133 aedificarunt

225 2161 322 2220 altare,
344 2166 408 2211 ante
429 2161 490 2214 Chr.
512 2156 578 2223 537,
599 2177 658 2214 cum
678 2178 792 2231 sequens
808 2162 873 2216 534.
896 2170 968 2213 esset
982 2159 1160 2213 Samaritanus
1184 2160 1349 2212 sabbaticus
1371 2178 1406 2212 ex
1425 2156 1517 2226 muas

224 2237 432 2291 continuatione.

251 2373 254 2379 ,
313 2318 358 2370 99.
387 2319 512 2372 Anno2.
533 2320 611 2374 Darii
631 2320 732 2373 Persae
759 2335 806 2371 seu
828 2319 973 2389 Hystaspis
992 2317 1053 2380 lilii,
1077 2319 1120 2372 17.
1143 2318 1251 2370 solutae
1271 2317 1447 2386 captivitatis
1465 2322 1515 2368 ante

226 2395 273 2448 Ch.
295 2397 360 2450 520.
383 2399 452 2451 exiit
471 2401 608 2453 decretum
628 2403 662 2453 de
682 2398 885 2452 reaedificandis
906 2398 1088 2467 ierosolymis.
1123 2397 1229 2452 Abhinc
1250 2407 1413 2450 numeratae
1431 2397 1514 2452 bebde

223 2477 320 2528 modae
342 2478 368 2538 7,
389 2495 437 2531 seu
452 2479 603 2547 jubilaeus
612 2479 711 2548 primus
731 2469 878 2532 difficillimi
898 2478 1034 2547 temporis,
1055 2484 1091 2530 et
1104 2478 1150 2537 62,
1172 2477 1197 2528 id
1219 2483 1264 2528 est
1282 2480 1352 2530 anni
1367 2479 1430 2538 433,
1450 2476 1516 2528 attin

225 2562 295 2624 gunt
324 2567 423 2610 aunum
449 2558 648 2622 acutianum,
678 2559 784 2629 quando
814 2560 935 2613 Herodes
970 2557 1095 2626 plebejus
1122 2563 1150 2608 et
1179 2557 1328 2616 idumaeus
1357 2551 1516 2610 acassam

226 2635 337 2687 arbitrio
358 2644 387 2689 ιι
407 2638 489 2706 copiis
510 2640 653 2708 occuparit
672 2641 855 2708 lerosolyma3
877 2644 907 2690 et
924 2639 1023 2706 plenae
1045 2639 1081 2692 70
1101 2636 1299 2703 hebdomadae,
1322 2654 1373 2688 sen
1393 2637 1452 2689 anni
1469 2636 1514 2687 490

226 2714 366 2784 attingunt
394 2719 576 2772 monarchiam
603 2718 721 2788 Augusti
751 2718 777 2771 iu
804 2718 921 2779 oriente,
951 2717 1057 2771 devicto
1083 2711 1198 2771 Antonio
1230 2725 1372 2787 captaque
1395 2721 1516 2786 Aegypta

225 2795 334 2847 loliano
357 2796 407 2858 16,
428 2797 480 2867 quo
500 2799 622 2852 Herodes
643 2800 678 2851 ab
700 2799 757 2866 ipso
772 2797 893 2850 ‘feudum
917 2798 997 2867 regni
1016 2797 1140 2849 ,Iudaeae
1160 2796 1278 2863 accepit
1318 2797 1364 2850 Ab
1384 2796 1433 2848 hcc
1455 2793 1515 2847 initio

225 2889 275 2942 per
295 2890 378 2927 annos
396 2876 452 2931 100
455 2886 616 2948 sequentes
636 2876 810 2947 contigerunt
830 2877 972 2945 praedicta
992 2876 1146 2929 aDaniele:
1168 2875 1218 2927 sub
1228 2877 1343 2928 Herode
1363 2877 1431 2928 enim
1450 2884 1516 2926 natus

226 2960 269 3006 est
289 2953 428 3018 Christus,
457 2957 507 3010 sub
534 2957 640 3011 Tiberio
670 2969 782 3026 passum
811 2957 892 3028 stirps
913 2955 1093 3018 Christorum,
1122 2961 1264 3007 unctorum
1284 2973 1324 3008 se
1353 2956 1380 3008 in
1404 2971 1479 3024 regor
1494 2958 1516 3002 tl

225 3035 389 3095 sacerdotes,
410 3037 558 3099 eradicata,
578 3037 695 3091 neeflnis
716 3036 915 3098 malorumfuit,
936 3037 1109 3106 quoadusque
1124 3035 1247 3087 cumulus
1262 3037 1396 3088 malorum
1410 3030 1515 3090 accesit

226 3112 330 3165 eversio
350 3114 460 3177 urbis,'
453 3119 570 3170 incensio
591 3116 697 3185 templi,
718 3116 863 3169 sacerdotii
883 3115 1003 3176 abolitio,
1025 3114 1116 3184 gentis
1136 3113 1343 3167 excidium-
1373 3117 1430 3169 flac
1448 3113 1515 3165 intrr-

227 3193 379 3261 pretatione
399 3196 533 3250 Eusebius
554 3204 590 3252 et,
602 3198 678 3251 illum
697 3195 783 3250 monti
803 3195 923 3248 contenti
941 3194 1059 3249 fuerunt

316 3302 379 3352 100.
410 3302 463 3355 Sed
483 3303 621 3355 rideamus
641 3303 729 3371 prima
748 3308 872 3371 tempora
891 3303 926 3354 de
945 3301 988 3355 his
1014 3301 1071 3355 490
1093 3298 1177 3353 annis.
1218 3304 1298 3354 Anno
1322 3300 1407 3371 igitur
1429 3299 1515 3352 redsa

230 3378 272 3431 18.
294 3377 435 3433 fundatum
455 3389 497 3434 est
516 3385 653 3451 templum,
673 3383 746 3442 urbs,
767 3383 817 3434 etsi
838 3381 949 3442 licebat,
968 3383 1083 3434 nondum
1103 3387 1194 3433 tamen
1215 3380 1372 3434 aedificata
1400 3383 1460 3434 Post
1477 3380 1514 3434 33

227 3457 329 3510 ιιι11ιιιι
351 3459 396 3521 51,
417 3462 466 3513 sub
486 3463 582 3515 Xerxe
603 3479 651 3515 seu
670 3467 798 3526 Assuero,
818 3467 850 3514 ut
870 3462 989 3514 omnibus
1010 3458 1222 3513 circumstantiis
1238 3460 1387 3528 probatur,
1406 3460 1514 3512 volebant

226 3537 372 3589 aedificare
392 3541 498 3603 urbem,
526 3544 572 3594 sed
594 3541 722 3604 accusati,
744 3548 775 3594 ut
796 3547 837 3594 est
856 3541 960 3594 Esdrae
982 3540 1007 3594 3.
1030 3540 1086 3606 (sed
1108 3539 1322 3607 transpositione
1343 3536 1513 3594 obscuratum).

226 3617 334 3669 tributis
364 3618 446 3672 etiam
475 3620 597 3690 oppressi
625 3624 672 3674 ob·
686 3622 786 3674 bellum
805 3622 907 3674 Xerxis
936 3628 1031 3673 contra
1060 3619 1161 3672 insulas
1189 3620 1273 3672 maris
1296 3649 1333 3658 —
1354 3623 1469 3673 'Graecas
1488 3645 1513 3654 -

226 3697 396 3760 destiterunt,
417 3700 551 3768 quinimo
571 3705 737 3770 postauam
758 3701 862 3770 aliquot
882 3707 941 3753 tota
960 3717 1029 3769 gens
1049 3699 1206 3768 periclitata
1226 3699 1276 3751 vix
1297 3707 1342 3753 est
1362 3701 1397 3752 ab
1415 3696 1515 3752 Esther

228 3784 345 3829 servata.
389 3779 462 3831 Ecce
479 3783 643 3854 ¹angustiam
669 3781 796 3849 temporis
822 3797 907 3850 nsque
933 3781 1006 3833 ultra
1031 3780 1078 3833 49.
1102 3778 1274 3847 captivitatis
1302 3786 1333 3831 et
1358 3781 1397 3832 sic
1420 3777 1513 3832 ultral

226 3856 417 3920 hebdomadas,
439 3859 534 3928 quibus
556 3862 661 3915 exactis
676 3877 733 3928 opo
752 3860 888 3914 Estherae
907 3859 1083 3927 respirarent

317 3955 379 4009 101.
408 3962 485 4011 Anno
497 3959 522 4011 7.
543 3958 716 4021 Artaxerxis,
738 3957 941 4019 catecasta,
960 3947 1062 4008 Esdras
1082 3953 1219 4023 proiectus
1241 3954 1343 4008 foedus
1364 3974 1421 4011 cum
1434 3954 1513 4025 populo

225 4031 273 4084 icit
293 4036 326 4085 de
352 4039 485 4089 servanda
510 4039 573 4107 lege
598 4047 627 4091 et
653 4038 812 4098 sabbaticis;
840 4054 913 4107 ergo
934 4052 1018 4088 annus
1044 4042 1213 4097 contractus,
1245 4035 1377 4105 incipiens
1403 4053 1419 4089 a
1442 4048 1514 4086 ιιιιιιι

227 4113 339 4180 septimo
367 4121 396 4168 ιι
421 4119 599 4185 complectens
629 4124 776 4173 aestatem
793 4118 856 4170 anni
887 4118 958 4179 457,
994 4116 1093 4185 primus
1120 4116 1172 4168 fuit
1207 4116 1367 4168 sabbaticus
1395 4131 1472 4168 novae
1493 4119 1513 4162 ιι

227 4194 361 4260 repetitae
387 4198 596 4261 observationis,
618 4199 652 4251 ad
673 4199 743 4251 hanc
764 4213 848 4268 usque
875 4196 946 4249 diem
966 4211 984 4250 a
1003 4195 1115 4248 ludaeis
1141 4196 1322 4259 observatae,
1350 4213 1403 4249 non
1422 4190 1513 4247 utentis

227 4274 413 4338 Saruaritauis,
433 4277 479 4347 qui
499 4279 608 4343 tertium
627 4278 801 4331 hebdomadis
823 4277 952 4347 agebant.

317 4357 379 4409 102.
409 4356 470 4426 Seq.
482 4374 551 4411 auno
562 4359 627 4419 456,
648 4358 733 4426 primo
754 4355 936 4418 hebdomadis,
957 4362 1103 4424 coeperunt
1122 4359 1228 4408 struere
1249 4371 1359 4415 muros;
1381 4361 1410 4407 at
1428 4365 1513 4405 rursm

226 4432 347 4503 impediti
367 4442 396 4489 et
416 4438 538 4506 suspensi
563 4437 673 4491 fuerunt
698 4453 784 4508 usque
805 4437 839 4490 ad
860 4435 972 4490 ulterius
999 4438 1144 4489 decretum.
1185 4436 1216 4489 Id
1237 4452 1304 4488 vero
1332 4435 1444 4487 obtinuit
1465 4436 1513 4498 post

230 4513 261 4567 ll
285 4522 376 4570 annos
389 4517 515 4570 Naeuiias
536 4518 741 4590 aedificavitque
761 4532 865 4571 murum
886 4532 955 4569 anno
977 4516 1022 4569 20.
1044 4515 1211 4570 Artaxerxis
1232 4517 1272 4571 52
1293 4514 1396 4578 diebus,
1416 4518 1512 4581 unguas

227 4607 292 4647 sane
319 4597 446 4667 temporis
473 4598 575 4667 spatio,
602 4605 664 4666 post
686 4598 774 4651 *annos
796 4598 832 4652 75
854 4597 890 4649 ab
911 4596 984 4648 edito
1011 4597 1136 4657 decreto,
1163 4596 1210 4649 93
1231 4611 1251 4648 a
1270 4596 1370 4650 reditu.
1408 4595 1512 4676 ldeuqrt
1569 4607 1570 4628 ³

227 4677 372 4739 Nebemias
392 4694 517 4732 reversus
537 4678 564 4731 in
581 4680 714 4732 Judaeam
734 4678 783 4730 sub
792 4677 878 4731 Dario
888 4676 987 4738 Notbo,
1010 4675 1073 4729 113.
1095 4675 1208 4735 reditus,
1228 4676 1359 4728 Judanos
1371 4674 1511 4757 reformari·

318 4758 380 4812 103.
410 4760 452 4814 Ab
473 4760 524 4814 hoc
550 4764 686 4827 tempore,
713 4757 759 4811 ubi
779 4757 906 4811 desinunt
925 4754 993 4811 libri
1013 4755 1099 4819 sacri,
1126 4754 1221 4824 incipit
1240 4756 1358 4810 deleeho
1376 4757 1511 4824 Aegypt·
1566 4773 1570 4832 j

1558 1300 1563 1423 ,

1560 1431 1564 1479 l
