3112 5474
580 63 908 192 opinantium
1066 195 1067 199 Ν
1272 71 1277 80 ’
1350 101 1415 172 295

102 263 283 347 longitudinis,
328 265 398 330 Erit
411 273 514 350 antem
528 267 622 332 series
638 286 784 332 annorum
797 267 985 345 Julianornm
998 267 1037 330 ob
1053 285 1161 330 555555
1175 266 1267 330 istas:
1288 264 1416 347 primum

96 353 134 417 illa
143 356 277 437 pauculis
292 355 383 422 ’55515
397 364 559 439 antequam
571 357 711 426 Herodes
726 376 780 420 rex
795 364 950 420 crearetur
964 356 1087 438 incepit,
1102 354 1213 419 55111511
1227 355 1319 435 igitur
1328 355 1415 417 nobis

93 444 142 523 ejus
156 445 324 526 longitudo,
336 444 375 508 ad
395 464 541 527 praesens
563 447 734 528 negotium3
757 465 816 527 qua
831 453 918 508 tanto
935 445 1078 509 libentius
1092 452 1177 519 utor,
1200 443 1279 525 quod
1299 442 1414 527 repeti-

89 533 157 596 tione
171 535 414 598 centenariorum
428 553 488 598 non
504 543 554 599 est
568 535 698 598 molesta
713 536 824 598 futura
868 535 985 598 Deinde
1001 534 1112 596 innexa
1132 540 1181 597 est
1196 532 1295 614 capite
1312 551 1365 595 sno
1381 540 1414 595 et

83 622 187 702 passim
201 631 273 686 tota
288 624 366 686 serie
382 624 621 688 successionibus
635 624 841 689 Romanorum
856 624 1026 698 consulum,
1048 623 1154 705 quibus
1169 640 1219 697 res
1235 643 1253 683 a
1268 620 1414 684 Romanis

78 719 180 792 gestae
196 712 370 793 consignari
386 713 534 789 solebant,
549 713 635 783 5155
652 732 689 776 55
699 712 835 776 'dubitari
849 731 910 775 non
924 711 1031 793 possit
1071 710 1173 774 Tertio
1190 710 1269 773 ratio
1284 707 1414 773 bissexti

76 800 326 863 exordinatione
349 801 422 865 Julii
443 800 585 866 Caesaris
610 810 642 871 et
663 802 797 888 Augusti
819 800 1011 864 restitutione
1042 820 1102 862 non
1132 798 1311 880 perturbata
1335 797 1413 860 serie

74 889 185 951 mansit
205 891 247 951 ad
268 910 325 953 nos
346 909 439 971 nsque
461 899 494 953 et
515 891 559 953 sic
580 908 648 953 uno*
663 890 819 970 complexu
831 898 948 958 ,nostra
968 898 1108 969 tempora
1138 907 1204 951 cum
1228 887 1413 969 temporibus

73 976 188 1042 Christi
210 979 348 1061 quodque
370 997 424 1043 suo
446 979 512 1042 1555
534 978 705 1043 connectit.
746 978 810 1043 Sed
838 979 932 1042 insius
962 977 1025 1041 ista
1053 976 1236 1059 explicemus
1260 995 1314 1057 per
1337 976 1414 1039 haec

72 1066 238 1129 axiomata
403 1067 407 1074 '
498 1092 501 1101 ·
746 1092 750 1101 ·
1373 1122 1375 1127 .

153 1157 181 1218 Ι,
219 1154 314 1236 Cujus
327 1156 426 1220 Julius
443 1154 559 1220 Caesar
580 1175 659 1233 anno
681 1157 778 1219 altero
801 1174 839 1218 ex
854 1174 912 1237 quo
929 1154 999 1220 (155.
1014 1155 1053 1218 11
1075 1156 1175 1240 iuerat
1188 1153 1333 1234 Aegypto
1357 1152 1412 1216 de·
1512 1202 1513 1206 ,

68 1243 149 1307 ricta
158 1242 343 1324 Sosigenem
356 1244 603 1318 mathematicum
613 1264 715 1308 secum
725 1244 852 1326 adduxit
866 1244 1026 1331 inItaliam
1042 1243 1164 1325 ejusque
1181 1242 1306 1309 consilio
1322 1250 1411 1324 post-

70 1352 105 1395 ea
122 1353 201 1396 naus
225 1343 276 1396 est
296 1333 327 1396 15
349 1334 561 1397 constituenda
576 1335 693 1397 ratione
715 1335 786 1397 anni
800 1333 943 1407 Romani,
965 1353 1041 1414 quae
1058 1352 1130 1396 cura
1144 1332 1183 1394 ad
1200 1330 1364 1394 Caesarem
1378 1339 1414 1394 ut

69 1422 245 1503 pontificem
265 1423 426 1485 maximum
449 1422 603 1504 pertinuit.
647 1423 750 1487 'lertio
771 1441 849 1495 anuo
870 1423 902 1485 in
917 1422 1024 1485 Africa
1048 1420 1233 1503 depugnavit
1253 1440 1411 1483 reversus-

69 1530 123 1592 que
137 1511 305 1575 inItaliam
321 1512 447 1574 adduxit
459 1512 571 1581 Jubam
583 1512 786 1575 Mauritaniae
802 1511 883 1592 regis
896 1510 996 1586 filium,
1011 1511 1091 1573 inter
1106 1509 1297 1573 doctissimos
1313 1509 1411 1590 scrip-

69 1608 152 1662 tores
168 1608 425 1675 connuuocratum,
446 1601 589 1682 finitoque
605 1601 755 1682 triumpho
772 1601 852 1663 circa
868 1598 1029 1663 solstitium
1045 1598 1220 1662 convocatis
1236 1598 1304 1661 aliis
1320 1599 1412 1661 etiam

68 1688 259 1769 pbilosophis
283 1697 315 1752 et
337 1690 576 1764 mathematicis,
604 1690 752 1753 rationem
783 1687 1002 1751 emendationis
1025 1689 1114 1752 inivit
1137 1688 1276 1769 illumque
1302 1707 1412 1750 annum

70 1777 255 1841 confusionis
276 1786 479 1859 nuncupatum
501 1778 671 1858 adjectione
692 1779 818 1842 duorum
831 1777 978 1845 mensium
998 1786 1089 1853 ,extra
1105 1777 1239 1856 ordinem
1260 1776 1411 1857 produxit

68 1867 177 1930 Annus
198 1866 293 1947 igitur
313 1886 455 1949 sequens,
477 1867 539 1950 qui,
550 1875 675 1950 quartus
690 1876 759 1930 erat
773 1867 811 1930 ab
828 1867 892 1949 ejus
908 1866 1067 1930 consulatu
1089 1861 1235 1942 secundo,
1258 1885 1316 1947 quo
1332 1885 1410 1928 anno

70 1954 197 2020 Caesari
218 1963 294 2035 post
319 1957 448 2019 reditum
477 1975 514 2018 ex
535 1957 691 2038 Hispaniis
721 1955 848 2019 devictis
877 1954 1031 2019 abdicanti
1061 1956 1210 2039 consules,
1225 1953 1343 2017 suffecti
1372 1952 1411 2026 Q.

68 2043 185 2107 Fabius
197 2044 351 2108 Maximus
371 2053 405 2108 et
420 2045 455 2109 0.
470 2045 651 2123 Trebonius,
681 2045 731 2108 hic
746 2046 867 2127 inquam
887 2043 1000 2127 primns
1021 2044 1211 2120 1511555551,
1234 2043 1283 2126 qni
1297 2041 1411 2107 Juliani

69 2133 217 2197 deantur.
255 2130 331 2205 Quis
353 2133 444 2197 inerit
465 2133 611 2215 genuinus
633 2152 740 2207 sensus
764 2132 948 2198 ordinatoris
970 2153 1030 2197 non
1056 2131 1134 2197 satis
1157 2133 1265 2216 liquet:
1296 2141 1411 2197 certum

69 2230 170 2285 tamen
184 2221 313 2291 duorum
328 2223 457 2286 alterum
478 2222 588 2300 fuisse;
612 2231 665 2286 aut
681 2223 760 2287 enim
780 2223 837 2285 hos
858 2222 1070 2286 intercalarius
1092 2242 1161 2285 esse
1182 2222 1279 2286 voluit
1294 2221 1411 2287 (laesor

68 2310 97 2386 4,
110 2309 142 2384 8,
160 2311 212 2385 12,
230 2309 280 2384 16,
295 2313 349 2387 20,
362 2311 415 2387 24,
429 2311 481 2387 28,
496 2312 554 2388 32,
563 2311 615 2387 36,
629 2311 682 2388 40,
697 2312 749 2388 44,
764 2310 817 2384 48,
832 2311 883 2386 52,
899 2310 944 2376 bo
957 2319 989 2375 et
1005 2311 1048 2375 sic
1064 2311 1202 2387 ulterius,
1225 2330 1302 2394 quac
1317 2311 1410 2394 plana

69 2407 101 2462 51
113 2399 246 2480 simplex
267 2400 346 2463 ratio
369 2400 490 2465 fuisset:
514 2410 582 2478 ant,
603 2401 684 2483 quod
704 2400 802 2482 magis
821 2395 967 2480 'conjicias
988 2420 1026 2463 ex
1048 2400 1276 2469 lorma.erroris
1300 2419 1408 2463 conse·
1475 2420 1477 2432 ·

70 2488 145 2567 coti,
167 2488 357 2552 intercalarii
377 2486 740 2565 1115555511551115113,
763 2484 792 2565 7,
817 2489 867 2564 11,
884 2490 934 2564 15,
957 2488 1006 2565 19,
1022 2489 1073 2564 23,
1089 2484 1140 2564 27,
1156 2488 1208 2563 31,
1223 2488 1275 2563 35,
1290 2487 1342 2563 39,
1357 2489 1409 2566 43,

70 2571 122 2656 47,
133 2577 188 2652 51,
202 2574 246 2640 55
263 2586 297 2640 et
305 2578 408 2654 ceteri,
423 2578 541 2642 scilicet
555 2587 590 2642 51
597 2579 781 2642 Februarius
798 2572 904 2660 (sedes
913 2577 1099 2643 intercalarii
1108 2573 1247 2641 Romana
1258 2571 1409 2659 antiqua),

70 2665 116 2746 qni
129 2665 268 2746 proxime
283 2666 385 2729 ludum
400 2665 590 2749 Olympicum
603 2668 812 2750 insequeretur
835 2662 1010 2750 (Olympias
1026 2666 1151 2730 enimin
1170 2673 1322 2730 aestatem
1337 2666 1408 2729 anni

70 2754 278 2834 praecedentis
284 2754 397 2826 Juliani
413 2757 537 2820 secundi
544 2752 678 2840 incidit),
692 2758 840 2822 retineret
848 2757 1083 2832 intercalarium,
1096 2756 1199 2838 itaque
1214 2755 1407 2818 intercalatio

71 2841 208 2906 Romana
227 2862 318 2926 qnam
339 2845 473 2925 proxime
493 2846 565 2909 lieri
580 2855 687 2927 posset
702 2847 881 2928 jungeretur
897 2844 1044 2909 Graecae.
1080 2845 1195 2909 Vemm
1216 2844 1408 2907 sacerdotum

74 2940 191 3014 stupore
206 2939 432 3015 temporumque
454 2934 683 2999 conturbatione
699 2937 828 3010 iactum,
849 2943 884 2997 nt
898 2935 1070 3015 legececus
1085 2942 1214 3016 accepta
1237 2952 1326 3016 quam
1336 2942 1408 2997 >erat

76 3020 144 3097 lita,
159 3021 224 3084 sive
240 3030 379 3103 quartum
394 3023 433 3086 ab
443 3043 523 3101 anno
536 3025 719 3091 contusionis
737 3023 943 3104 intellexerint
957 3042 1012 3106 pro
1021 3031 1131 3105 quarto
1147 3046 1166 3086 a
1181 3024 1276 3105 primo
1285 3022 1409 3100 Juliano
1423 3017 1424 3023 '

77 3116 104 3172 ct
116 3110 159 3173 sic
173 3111 359 3191 pergendum
377 3113 554 3192 putaverint
574 3122 683 3195 quarto
705 3133 820 3196 qnoque
837 3132 916 3176 anno
933 3120 1072 3178 currente
1094 3131 1154 3176 non
1170 3112 1328 3194 completo,
1344 3111 1407 3175 sive

79 3216 135 3260 com
157 3193 205 3278 (in
227 3200 328 3262 altera
349 3196 483 3283 ratione)
507 3203 630 3283 tertium
651 3203 683 3266 in
705 3202 809 3265 ordine
828 3202 969 3265 viderent
983 3201 1223 3288 intercalarium,
1244 3201 1276 3263 id
1291 3220 1428 3283 semper

79 3289 230 3353 tenendum
246 3288 387 3353 arbitrati
402 3287 477 3354 sint:
501 3291 572 3354 anni
595 3288 627 3353 hi
648 3290 819 3372 reciperent
839 3290 1088 3367 intercalationes
1110 3285 1194 3367 4,7,
1213 3292 1262 3366 10,
1284 3290 1334 3366 13,
1358 3289 1408 3367 16,

83 3373 122 3450 19,
135 3379 187 3451 22,
202 3378 255 3452 25,
271 3376 324 3451 28,
338 3378 390 3453 31,
405 3379 457 3454 34,
472 3373 514 3443 37
530 3379 579 3442 vel
594 3379 624 3454 3,
640 3379 669 3453 6,
685 3379 715 3455 9,
740 3382 789 3455 12,
807 3380 857 3455 15,
874 3379 924 3455 18,
940 3380 991 3454 21,
1007 3380 1058 3455 24,
1074 3375 1126 3455 27,
1148 3380 1201 3456 30,
1215 3380 1267 3455 33,
1282 3379 1335 3455 36,
1348 3399 1407 3462 quo

84 3483 215 3530 annornm
231 3466 377 3530 curriculo
394 3467 458 3531 dies
476 3467 516 3530 12
532 3468 707 3533 intercalati
720 3469 812 3545 fuere,
828 3488 894 3531 cum
904 3468 1030 3533 solum9
1047 3469 1230 3533 debuissent
1259 3469 1336 3533 Post
1350 3469 1413 3544 hosv

82 3572 164 3616 annos
179 3573 281 3620 errore
296 3556 461 3632 intellecto,
477 3576 543 3620 cnm
552 3557 619 3638 jam
632 3558 781 3639 inciperet
795 3578 892 3622 annus
908 3558 1009 3622 sidera
1027 3558 1126 3625 triduo
1141 3558 1267 3633 morari,
1290 3557 1407 3624 caesar

81 3641 226 3724 Angustus
241 3644 293 3707 illo
309 3664 397 3720 anno,
413 3646 614 3727 qaofflluscrum
629 3647 778 3724 condidit,
800 3667 857 3730 qno
874 3654 907 3709 51
920 3666 1054 3717 mensem
1072 3645 1222 3710 Sextilem
1235 3648 1407 3728 Angustum

82 3733 285 3795 tranominavit
301 3725 374 3815 (1511
388 3743 489 3798 autem
505 3735 608 3798 ordine
624 3735 676 3799 38.
687 3732 721 3800 0.
728 3736 836 3799 Asinio
846 3734 997 3817 Gallo,·C.
1003 3736 1118 3799 Martio
1127 3734 1292 3801 Censorino
1301 3729 1405 3818 (loss.)

83 3818 158 3884 51551
168 3822 353 3886 abundantis
364 3843 495 3887 errorem
505 3823 665 3888 omissione
675 3822 766 3888 trium
775 3825 975 3906 legitimorum
989 3824 1212 3888 intercalarium
1226 3825 1257 3888 in
1266 3825 1352 3888 annis
1364 3824 1405 3888 12

82 3911 262 3991 sequentibus
272 3913 501 3992 pensarijussit.
517 3913 553 3975 Id
561 3932 617 3994 ego
627 3933 744 3977 rursum
750 3922 823 3996 puto
834 3934 895 3977 non
903 3914 1090 3978 intellectum
1097 3914 1146 3977 vel
1156 3916 1302 3997 quomodo
1312 3934 1405 3997 prae·

80 3996 219 4079 operetur
228 4001 277 4063 vel
286 4003 434 4082 quomodo
450 4010 631 4066 servaretur.
654 4003 735 4066 Nam
743 4003 921 4085 adpriorem
931 4004 1057 4067 formam
1066 4003 1264 4067 ordinationis
1272 4004 1404 4086 primae·
1452 4043 1457 4048 -

80 4104 124 4149 rae
131 4108 169 4151 ex
178 4089 229 4153 his
239 4089 325 4151 annis
336 4098 425 4154 erant
440 4090 598 4154 omittendi
607 4087 743 4172 legitimi,
759 4112 796 4155 ex
806 4092 857 4168 40,
873 4093 925 4169 44,
940 4092 994 4176 48,
1017 4090 1207 4156 Omissivero
1218 4103 1290 4156 sunt
1304 4113 1342 4156 ex
1356 4093 1405 4157 his

77 4177 154 4240 annis
169 4179 224 4254 41,
239 4178 292 4254 45,
307 4178 359 4255 49,
372 4179 443 4262 quia
458 4199 517 4242 non
534 4200 631 4243 annus
646 4179 697 4257 52,
713 4180 768 4245 555
783 4181 833 4260 53,
849 4183 976 4262 primum
986 4182 1022 4245 de
1032 4201 1110 4244 novo
1126 4190 1233 4245 nactus
1249 4182 1404 4246 estinter·

76 4266 223 4330 celarium
252 4267 510 4332 Ratiocinationis
525 4269 706 4333 sormahaec
716 4271 834 4334 videtur
844 4272 946 4347 fuisse,
961 4272 1040 4353 quod
1054 4290 1120 4333 cnm
1134 4271 1185 4334 lex
1199 4271 1262 4335 ista
1276 4274 1405 4336 ferretur

73 4355 149 4420 initio
166 4357 241 4420 anni
256 4356 308 4432 38,
323 4357 494 4439 scirentque
515 4358 547 4420 in
564 4358 605 4421 12
621 4358 707 4422 55515
723 4360 905 4423 5511155555
927 4379 993 4423 5555
1010 4361 1030 4424 3
1045 4359 1271 4437 intercalarios,
1293 4362 1332 4424 ad
1348 4381 1403 4423 ex-

70 4453 151 4509 actos
166 4447 264 4527 igitur
279 4440 331 4519 37,
347 4447 409 4509 sive
420 4446 486 4525 jam
501 4445 553 4523 36,
568 4447 632 4511 sive
647 4443 699 4511 37,
714 4447 857 4511 vitiosum
871 4439 1094 4517 intercalarium
1108 4448 1260 4526 habuerit,
1277 4451 1403 4514 addide-

67 4536 177 4611 derunt
194 4535 246 4610 12,
260 4535 339 4598 unde
356 4544 541 4617 consurgunt
554 4535 612 4611 49;
636 4556 693 4619 qno
708 4537 887 4607 transmisso
908 4557 1014 4620 pumm
1035 4538 1258 4620 quadriennium
1274 4541 1311 4603 de
1326 4559 1403 4605 novo

61 4625 254 4708 inceperunt,
269 4642 414 4703 annornm
430 4624 482 4702 50,
497 4625 550 4708 51,
564 4624 616 4702 52,
630 4625 682 4702 53,
705 4626 799 4690 51115
813 4627 900 4691 53³³·
914 4627 1023 4692 itemm
1036 4628 1262 4694 nancisceretur
1283 4629 1402 4695 bissex-
