3134 5482
474 293 476 297 Ι
515 228 623 293 Bclogaa
648 227 793 278 chronicae.
1159 193 1163 201 Ι
1246 231 1309 290 413

37 402 89 467 Joh.
110 408 140 467 4.
163 424 192 468 v.
217 401 273 482 lo)
295 401 403 484 ibique
431 408 547 466 sanato
576 392 640 466 lilio
669 403 880 480 centurionis,
911 401 970 466 hoc
996 402 1114 466 iterum
1139 402 1311 467 secuudum

37 495 120 574 ignum
143 492 218 556 lecit
231 486 325 556 lesus
348 492 393 564 liu
409 491 512 576 Cana)
524 511 614 566 ,novo
634 490 675 555 ab
694 492 793 570 initio,
816 496 987 576 postquam
1006 490 1139 564 venisset
1153 511 1174 554 a
1188 490 1313 557 Judaea

37 580 233 646 iGalilaeamr
250 580 294 662 (r.
307 578 373 661 54).
388 580 503 663 ltaque
517 578 562 643 nil
578 580 712 658 mirum,
725 580 754 642 si
767 580 948 646 versiculus·
957 579 1012 643 ille
1023 578 1141 643 unicus
1156 579 1312 646 Matthaei

37 669 155 734 lilarci
176 673 312 753 propter
333 668 569 733 similitudinem
591 669 760 752 utriusqus
781 669 826 733 rei
847 669 917 734 loco
935 689 994 733 suo
1016 667 1135 747 exulat,
1156 671 1312 752 trajectus

37 780 42 821 ι
60 758 161 822 locum
184 757 396 842 peregrinum.
420 765 460 830 (ln
477 770 606 833 margine:
632 771 762 842 siqnidem
789 770 1040 841 interpretationem
1060 786 1113 823 non
1136 765 1311 832 admitteret.)

88 845 196 911 Facile
223 846 255 910 id
284 845 333 911 vel
357 867 395 910 ex
416 844 477 931 hoc
499 852 605 928 patet,
632 845 725 928 quod
741 845 837 930 plane
857 846 1027 911 uerisimile
1048 864 1113 909 non
1136 851 1195 923 est,
1219 845 1310 910 chri-

37 955 98 1014 um,
133 935 192 1018 qui
218 934 447 1018 Hierosolymis
475 941 508 999 et
534 934 567 997 in
594 935 720 1001 Judaea
745 929 868 1000 summo
895 934 1002 1000 studio
1026 935 1093 1016 jam
1125 932 1315 998 incubuerat
1376 1009 1381 1019 ι
1426 986 1427 989 ,

37 1023 103 1088 licio
131 1044 202 1101 suo,
231 1023 422 1106 praedicans
451 1029 483 1087 et
512 1021 605 1105 signa
630 1024 759 1102 faciens,
785 1030 874 1089 testa
895 1024 1049 1098 Johanne,
1077 1042 1162 1086 nnnc
1185 1022 1314 1097 demum
1435 1088 1447 1107 ,

39 1121 111 1177 acto
141 1112 209 1176 iere
237 1132 323 1176 anno
352 1118 426 1196 post
453 1111 649 1195 baptismum
670 1112 703 1176 in
726 1113 859 1191 Judaes,
890 1118 1061 1200 postquam
1083 1110 1117 1175 in
1140 1110 1315 1175 Galilaenm

37 1202 140 1280 uertit,
163 1200 305 1284 incipere
327 1200 514 1284 praedicare
537 1207 569 1264 at
587 1200 763 1284 >discipulos
785 1201 974 1266 adsciscere.
1019 1200 1111 1265 Arsi
1133 1218 1206 1269 cum
1229 1198 1315 1263 dioto

37 1290 154 1354 rsiculo
183 1289 226 1354 ad
256 1290 341 1354 hunc
370 1284 501 1354 modurn
531 1289 768 1372 dispensemus,
787 1296 876 1355 tunc
904 1290 961 1355 illa
992 1287 1117 1368 omnia,
1147 1308 1169 1352 a
1198 1287 1314 1373 quibus

37 1379 145 1442 sistus
177 1378 389 1448 ministerium
419 1398 513 1443 suum
544 1378 732 1462 auspicatus
762 1380 839 1443 eese‘
860 1378 995 1459 dicitnr,
1033 1377 1165 1462 pulchre
1194 1377 1315 1441 cadunt

37 1472 69 1530 te
92 1466 214 1550 pascha
236 1467 314 1531 anni
337 1472 387 1543 74,
411 1472 486 1530 ante
508 1467 647 1550 primum
671 1467 788 1532 Christi
809 1468 872 1531 iter
886 1464 1148 1550 Hierosolymam,
1171 1465 1315 1548 proxime

37 1564 69 1619 st
94 1554 301 1640 baptismum,
331 1555 418 1637 quod
440 1555 553 1620 Petrus
576 1555 660 1636 (Aa.
683 1557 709 1620 1.
732 1577 760 1622 v.
786 1556 841 1637 22)
865 1557 991 1621 disertis
1012 1555 1116 1619 verbis
1138 1553 1313 1636 significat:

37 1644 165 1728 ripiens,
195 1644 311 1726 inquit,
341 1665 362 1708 a
388 1643 733 1732 baptismo-lobannis.
778 1645 848 1724 Quo
869 1646 988 1729 optimo
1010 1644 1217 1710 fundamento
1238 1664 1312 1707 oon·

37 1739 124 1811 tuto,
152 1736 218 1818 jam
245 1753 343 1817 porro
368 1731 506 1815 relinqui
528 1739 634 1816 potest
655 1732 807 1798 historiae
827 1733 868 1797 de
889 1734 1030 1797 nulsione
1051 1733 1214 1817 spicarum
1236 1751 1315 1795 suus

37 1842 98 1899 nis,
126 1841 224 1903 quem
246 1821 369 1886 obtinet
390 1820 477 1905 apud
499 1827 564 1885 tres
587 1820 820 1903 Evangelistas,
835 1821 1054 1888 tantummodo
1076 1827 1113 1886 ut
1134 1842 1199 1885 uno
1219 1818 1315 1884 uerbo

37 1915 171 1974 meatur
193 1910 304 1989 lector,
333 1910 566 1992 praemittenda
588 1929 658 1974 csse
679 1910 871 1990 immediate,
898 1931 983 1993 quae
1004 1910 1164 1976 Johannes
1186 1908 1326 1990 scripsit.

37 2018 114 2081 cap.
139 2005 170 2063 2.
193 2020 223 2061 v.
248 2004 287 2063 15
311 2019 414 2080 usque
437 2020 464 2062 c.
490 2003 520 2063 3.
543 2020 572 2061 v.
597 2004 649 2064 22.
672 1999 712 2063 de
735 2001 837 2082 primo
852 2004 984 2065 ascensu
1000 1999 1154 2066 Christis
1168 1996 1315 2063 Galilaea
1440 2064 1446 2073 ,

65 2087 192 2171 pascha
220 2085 298 2151 anui
329 2091 383 2151 74.
405 2095 439 2151 et
461 2088 545 2152 exitu
568 2108 586 2151 e
608 2084 833 2172 Hierosolymis
854 2089 888 2153 in
910 2089 1067 2153 iudaeam
1089 2093 1164 2172 post
1184 2085 1314 2177 pascha,

37 2175 62 2240 l.
101 2180 138 2240 ut
171 2175 231 2240 hoc
263 2174 456 2240 sabbathum
489 2185 722 2258 demipouporor
755 2176 851 2242 luerit
883 2177 1093 2242 transactum
1114 2178 1147 2240 in
1170 2175 1315 2252 'iudaea

37 2263 152 2329 mirum
182 2263 216 2328 iu
245 2264 359 2329 itinere
388 2263 614 2348 Hierosolymis
644 2285 754 2330 versus
784 2266 971 2347 Galilaeom,
1005 2286 1091 2331 anno
1121 2264 1231 2331 eodem
1262 2267 1314 2327 74.

37 2354 145 2417 oxima
175 2358 249 2437 post
278 2351 347 2416 dies
376 2373 568 2436 azymorum.
614 2353 704 2418 Tunc
733 2375 817 2420 anno
849 2356 975 2421 Juliano
999 2360 1052 2419 75.
1074 2354 1215 2418 succedit
1236 2349 1316 2417 illud
1414 2409 1421 2414 .

37 2440 128 2519 seha,
152 2448 227 2506 ante
249 2441 336 2523 quod
358 2449 435 2505 sunt
455 2441 641 2506 miraculose
663 2442 771 2507 cibata
791 2445 931 2527 quinque
951 2442 1059 2521 millia,
1082 2441 1316 2525 qnopaschate

37 2531 145 2594 riscus
175 2530 403 2614 Hierosolymis
437 2551 501 2595 non
535 2525 613 2608 filit,
642 2537 682 2595 *et
710 2532 846 2615 deniqne
865 2540 960 2598 'anuo
991 2537 1042 2598 76.
1074 2531 1166 2595 cadet
1195 2528 1316 2612 pascha

37 2643 208 2699 ινρωσιμοι.
242 2618 512 2683 Ita·manebimus
527 2619 613 2701 apud
628 2628 796 2683 numerum
812 2641 978 2699 annorum,
1001 2619 1315 2702 quemvspipnsnius,

37 2727 139 2770 erum
161 2706 448 2788 diligentissimus,
481 2707 670 2772 ministerio
688 2708 821 2773 Christi·
837 2709 999 2775 attribuit:
1035 2708 1197 2791 stabitque
1220 2711 1315 2792 juxta

37 2796 198 2860 rmoniam
228 2795 504 2878 Evangelistarum
534 2796 711 2861 auctoritas
730 2798 941 2862 ‘venerandae
970 2796 1192 2879 antiquitatis,
1225 2795 1313 2862 affir-

37 2884 123 2960 intis,
149 2884 312 2950 Christum
334 2885 544 2948 resurrexisse
567 2890 618 2950 25.
643 2885 850 2950 Marrucini
873 2886 993 2952 Juliani
1015 2889 1069 2950 76.

81 2970 167 3054 Ego,
207 2973 252 3037 mi
291 2972 421 3050 Calvisi,
455 2973 547 3038 valde
578 2974 694 3051 miror,
728 2975 841 3057 siqui
870 2975 970 3040 futuri
999 2980 1090 3052 sunt,
1124 2973 1180 3055 qui
1209 2973 1316 3040 omnia

37 3060 170 3143 riusque
197 3062 375 3126 sententiae
402 3068 562 3127 momenta
588 3070 665 3128 sunt
691 3063 913 3146 ponderatum,
943 3085 1007 3147 quo
1028 3063 1098 3148 illos
1120 3063 1226 3129 auimo
1248 3081 1315 3126 esso

38 3154 160 3227 orteat,
190 3156 228 3214 ut
248 3151 432 3215 notationes
453 3150 545 3236 hujus
568 3151 667 3216 seculi
689 3157 722 3233 et
744 3153 831 3236 quod
853 3154 994 3233 excurrit
1014 3153 1168 3218 de‘aunis
1188 3150 1247 3229 3¹12
1266 3149 1315 3216 rel

37 3245 53 3301 h
82 3237 252 3302 ministerii
275 3238 402 3317 Christi,
426 3239 602 3304 rationibus
625 3241 876 3323 exquisitissimis
900 3249 933 3307 et
954 3240 1133 3308 uenerando
1148 3241 1317 3305 consensui

37 3326 237 3390 atuordecim
266 3326 448 3391 seculorum
478 3328 532 3406 (de
563 3334 615 3394 25.
647 3330 767 3409 Martii,
798 3351 863 3396 non
893 3331 933 3396 de
963 3330 1082 3414 Aprilis
1112 3328 1315 3416 ἇνασιαοιμῳ)
1445 3328 1448 3339 '

37 3414 159 3479 referre
188 3414 294 3495 velint,
327 3416 582 3497 usqueadeone
611 3418 877 3498 infirmi-sumus,
901 3426 938 3484 ut
960 3421 992 3484 in
1014 3419 1075 3485 hoc
1096 3419 1260 3485 rationum
1283 3425 1316 3482 et

37 3504 229 3568 ctoritatum
264 3505 451 3573 conamine.
472 3525 530 3588 per
545 3506 672 3573 „oculo
709 3528 828 3596 perque
860 3514 1016 3575 terrorem
1046 3530 1067 3572 a
1095 3506 1324 3591 praesentibus*

37 3596 167 3677 jectum
180 3613 239 3657 nos
262 3593 344 3657 vinci
366 3594 551 3691 patiamur?
581 3595 662 3677 proh
684 3602 808 3679 stupor,
830 3597 911 3682 proh
934 3597 1125 3662 Germanica
1146 3595 1314 3663 lornnudol

40 3732 204 3901 10>Epist
227 3734 311 3800 XIV.
340 3735 534 3801 Johannes
574 3736 760 3820 Keplerus
782 3735 897 3806 Setho¹
919 3703 1087 3807 Calvisio
1116 3740 1163 3822 (5.
1186 3739 1315 3810 Octobr.

81 3944 245 4010 Adhortor
266 3953 310 4026 te,
334 3947 457 4027 Calvisi,
481 3947 728 4036 diligentissime,
752 3959 790 4015 ut
811 3951 887 4016 mihi
909 3953 1030 4018 socium
1052 3958 1087 4017 to
1109 3951 1265 4036 praebeas
1281 3953 1315 4017 in

37 4033 178 4099 lucenda
206 4033 431 4101 hodiernorum
464 4036 729 4120 chronologorum
759 4041 940 4105 temeritate
970 4043 1114 4106 ominosa
1141 4041 1184 4105 ad
1205 4048 1313 4106 vetus·

37 4122 190 4187 simorum
213 4124 365 4190 ecclesiae
388 4133 521 4209 patrum
535 4127 761 4191 auctoritatem
777 4129 862 4193 circa
877 4130 970 4210 diem,
992 4150 1133 4194 mensem
1148 4136 1180 4194 et
1195 4150 1315 4195 anuum

37 4211 162 4276 saionis.
207 4212 284 4276 Plus
313 4214 396 4277 enim
422 4213 457 4277 in
480 4214 544 4279 hoo
569 4215 754 4296 ignorantia
776 4218 947 4298 dedecoris
973 4238 1075 4300 ,quam
1096 4220 1129 4283 in
1151 4218 1208 4283 illa
1230 4220 1313 4284 nati*

37 4300 112 4379 atis,
136 4300 215 4364 adeo
237 4321 306 4365 rem
328 4302 459 4382 redisse,
483 4309 520 4367 ut
541 4302 617 4368 inde
639 4325 660 4367 a
681 4306 822 4388 Rogerio.
842 4307 979 4386 Baoone,
1002 4309 1059 4389 qui
1080 4309 1203 4391 primus
1218 4314 1318 4390 supe·‘

37 4387 72 4450 ni
109 4389 233 4454 seculo>
250 4395 388 4473 putatur
421 4397 528 4456 abd.
562 4392 612 4458 rel
646 4398 697 4459 25.
732 4393 843 4460 Martii
877 4396 919 4460 ad
944 4402 973 4460 3.
996 4397 1116 4479 Aprilis
1138 4396 1315 4474 transiisse,
1354 4469 1357 4475 Ι

37 4476 146 4541 Aversa
173 4477 266 4544 hodia
296 4479 430 4544 ecclesia
460 4479 555 4558 diem,
576 4490 724 4554 'mensem
745 4489 778 4550 et
799 4505 920 4549 annum
942 4485 1077 4568 ignoret,
1100 4506 1165 4568 quo
1188 4485 1317 4549 maximi

37 4564 146 4640 omenti
175 4585 227 4631 res
259 4572 308 4630 est
349 4568 474 4647 ell'ects,
507 4554 647 4634 mnndd's
675 4571 1007 4653 Deoreconciliatns,
1042 4573 1187 4639 Christus
1217 4580 1317 4657 caput

37 4657 152 4735 strum,
184 4657 341 4736 superatis
372 4658 482 4722 mortis
506 4659 648 4735 usculis,
681 4661 711 4724 iu
741 4662 864 4726 coelum
887 4670 1057 4739 assumtus,
1089 4682 1173 4746 quae
1195 4662 1315 4740 nontin

37 4758 130 4807 ›scuro
147 4743 264 4825 oppido
279 4745 460 4809 Bethlehem
477 4755 577 4827 gesta,
594 4748 695 4812 sedin
712 4750 782 4831 ipsa
797 4750 883 4814 urbis
895 4752 1072 4835 metropoli,
1094 4752 1318 4835 Hierosolymis
