3112 5474
466 220 629 289 CapntVIll.
652 221 884 292 Herodiaregnun.
1282 207 1343 276 311
1399 216 1401 219 ’

95 362 169 428 cnm
183 364 337 445 bucusque
351 363 552 446 pulcherrimo
568 384 624 428 nec
635 364 756 448 uspiam
771 366 895 431 turbato
906 366 1009 431 ordine
1024 369 1258 449 pervenerimus,
1273 385 1349 435 oon·

39 451 209 516 cudentibus
228 472 299 527 ,cum
311 454 448 534 Josepho
470 454 736 530 rebusRomanis3
761 475 827 518 cnm
847 453 955 519 statim
975 476 1035 519 uno
1056 458 1106 521 filo
1129 458 1310 522 subtexatur
1330 481 1350 521 a
1383 486 1385 489 ·

39 542 137 623 osepbo
153 542 310 604 consilium
318 542 450 613 Herodis
466 543 508 608 de,
519 544 847 625 aedificandotemp103
871 564 939 608 cum
953 546 1126 609 immediate
1141 548 1225 628 prins
1239 548 1347 611 memi-

39 631 101 694 isaet
115 631 187 693 anni
201 631 288 712 regni
304 653 323 694 ι
338 633 438 712 captis
459 632 658 714 Jerosolymis
682 630 739 709 17,
762 635 827 697 hoc
842 653 914 697 vero
931 634 969 698 de
985 636 1098 715 templo
1121 637 1278 699 consilium
1293 656 1348 700 ex-

39 719 118 782 cessis
134 720 236 783 verbis
252 720 368 784 tribuat
385 721 438 796 18,
461 728 495 783 ιι
508 721 567 785 hoc
581 722 632 785 lib.
641 722 713 785 XV.
727 722 955 804 Antiquitatum
961 741 971 797 ;
996 736 1062 786 cum
1077 726 1249 787 conminus
1265 725 1315 793 lib.
1325 726 1349 788 Ι.
1408 801 1413 812 „

39 808 143 872 ³Bello
158 826 208 871 res
225 809 348 872 easdem
358 808 464 872 eadem
480 810 557 873 serie
572 819 692 887 ιιιιιιι;
708 829 775 874 cum
791 830 913 874 causam
929 812 1046 876 consilii
1060 812 1349 894 magnificentissimi

39 897 147 978 injiciat
167 898 199 962 in
221 906 414 979 praesentem
438 900 567 962 Herodis
591 900 769 975 felicitatem
798 908 831 963 et
852 900 1017 963 amicitiam
1044 902 1179 982 Augusti
1194 903 1233 964 'in
1259 901 1350 984 Syria

39 985 190 1050 *aasentisz
220 988 287 1068 quie
309 1007 368 1051 non
390 988 475 1050 videt
496 989 742 1051 manifestissime
764 987 869 1052 vitium
892 990 1083 1071 scriptorium
1099 991 1129 1052 in
1151 994 1217 1053 loco
1241 990 1349 1066 altero,

39 1074 224 1139 intodecimo
247 1095 301 1157 pro
318 1077 526 1140 octodecimo?
558 1074 634 1148 Quis
650 1078 727 1141 adeo
741 1078 925 1159 improvidus
941 1087 1005 1154 est,
1027 1087 1136 1142 utnon
1152 1080 1265 1154 videat,
1283 1081 1349 1143 fieri

40 1183 194 1246 quaquam
214 1184 321 1246 posse,
345 1166 425 1247 qnod
450 1164 601 1231 Calvisius
623 1167 782 1230 contendit
804 1167 854 1229 fol.
872 1167 922 1231 23.
956 1167 1131 1248 Epistolae:
1161 1176 1196 1231 nt
1220 1168 1349 1231 alterum

39 1273 97 1316 mm
113 1253 238 1335 ejusque
262 1273 358 1318 anuos
376 1255 425 1319 18.
448 1255 595 1336 deprimo
618 1256 703 1336 regni
725 1255 826 1331 initio,
848 1256 978 1322 altemm
992 1255 1116 1337 ejusque
1132 1277 1227 1321 annos
1246 1257 1295 1320 15.
1309 1257 1348 1320 dc

41 1341 165 1406 nteriori
180 1343 406 1426 intelligamus?
435 1343 478 1406 Et
493 1350 595 1407 ιιιιιιιι
610 1343 669 1407 hoc
684 1344 769 1406 velut
777 1344 917 1408 Achilleo
933 1354 1112 1425 argumento
1130 1345 1281 1410 Calvisius
1297 1346 1346 1409 ni-
1409 1352 1411 1363 ⁴

39 1451 76 1494 ur
89 1431 318 1507 demonstrare,
339 1433 506 1514 Josephnm
527 1432 673 1495 memoria
688 1433 812 1514 ‘lapsum
834 1440 867 1496 et
881 1433 1093 1497 res'Judaicas
1117 1431 1247 1498 triennio
1265 1436 1348 1500 auti-

39 1540 120 1584 ›asse
136 1529 169 1583 et
185 1541 281 1584 annos
296 1521 520 1602 regniHerodis
536 1521 575 1584 ab
590 1529 717 1603 utroque
731 1522 879 1603 principio
895 1522 1022 1585 totidem
1040 1524 1127 1585 annis
1144 1524 1348 1588 abbreviaasa.

39 1629 114 1672 smus
136 1611 268 1686 iactum,
289 1611 370 1692 quod
386 1609 538 1675 Calvisius
560 1611 733 1686 contendit,
754 1619 790 1673 ut
811 1611 909 1673 minus
923 1630 1003 1674 vero
1019 1612 1130 1675 dixerit
1144 1613 1297 1693 Josephus
1317 1614 1349 1676 in

39 1699 169 1762 liniendo
189 1718 284 1780 regno
299 1700 447 1774 Herodis,
470 1699 508 1761 de
531 1718 588 1780 quo
604 1707 729 1781 postea,
752 1699 861 1762 saltem
876 1701 934 1763 hoc
957 1700 1044 1763 nobis
1059 1701 1208 1780 largiatur
1222 1721 1348 1765 necesse

39 1795 58 1863 t,
71 1807 219 1865 nonesse
236 1789 422 1870 anticipatus
438 1807 488 1850 res
503 1788 649 1855 Judaicas
667 1795 700 1852 et
715 1787 871 1851 consilinm
887 1789 924 1850 de
940 1790 1053 1869 templo
1070 1791 1224 1865 struendo,
1239 1792 1348 1872 quippe

39 1896 75 1939 ae
89 1885 166 1939 sunt
179 1877 296 1941 minora
310 1879 401 1960 rebus
409 1877 557 1941 Romanis
573 1895 708 1960 quaeque
724 1877 880 1941 verissime
896 1877 928 1940 in
944 1898 1054 1940 annum
1067 1878 1114 1941 18.
1132 1901 1151 1941 a
1167 1887 1259 1960 capta
1274 1880 1347 1942 urbe

38 1967 122 2042 dunt,
137 1966 168 2028 in
185 1986 294 2032 annum
305 1968 356 2041 21.
373 1990 393 2030 ι
408 1984 553 2029 concesso
568 1966 627 2048 ipsi
636 1986 730 2047 regno
747 1966 940 2042 aRomanis3
963 1967 1067 2048 itaque
1084 1967 1183 2031 ethoc
1193 1968 1348 2048 largietur,

46 2075 166 2118 numero
192 2056 242 2118 15.
258 2058 377 2127 omnino
400 2055 506 2118 vitium
527 2055 627 2118 inesse
651 2056 843 2135 scriptorium
865 2056 1143 2119 manifestissimum
1165 2066 1198 2119 et
1219 2058 1258 2120 ab
1280 2057 1347 2138 ipso

39 2144 125 2226 oephi
148 2148 237 2208 textu
252 2146 448 2227 redargutum
470 2144 606 2226 pluribus
629 2144 826 2208 documentis.
862 2144 993 2208 Frustra
1014 2146 1107 2226 igitur
1123 2144 1275 2209 Calvisius
1290 2147 1348 2208 hoc
1393 2207 1401 2226 ,

39 2241 180 2315 gumento
197 2253 230 2297 se
246 2234 351 2309 munit,
367 2234 436 2316 quin
453 2232 555 2316 potius
571 2232 632 2296 alia
647 2233 706 2314 ipsi
720 2235 914 2297 firmamenta
930 2234 1198 2316 circumspicienda
1214 2242 1293 2311 sunt,
1309 2236 1349 2298 ad

53 2323 132 2404 qnod
162 2324 321 2387 contendit
345 2323 550 2386 evincendum.
595 2324 686 2386 Tanti
710 2323 848 2391 nimirum
872 2331 921 2386 est
944 2322 1103 2387 attendere
1129 2325 1199 2406 quid
1223 2326 1349 2400 scribae,

39 2411 70 2474 id
83 2408 257 2492 profiteare,
273 2413 420 2494 quomodo
432 2413 462 2475 id
478 2430 545 2475 cum
555 2412 790 2481 circumstantiis
807 2412 943 2475 omnibus
960 2413 1110 2489 concilies,
1125 2421 1160 2476 ut
1174 2414 1347 2477 verisimili-

39 2499 135 2562 dinem
144 2518 219 2581 prae
229 2521 263 2564 se
273 2502 366 2566 ierat:
382 2501 562 2582 praesertim
571 2501 596 2564 si
607 2501 698 2563 alium
708 2501 821 2567 rectius
829 2501 1011 2563 sentientem
1019 2503 1252 2583 oppugnandum
1263 2523 1346 2567 sum·

41 2589 87 2652 ria
102 2621 145 2634 -
160 2588 225 2654 Sed
240 2590 332 2654 misso
343 2589 478 2655 Calvisio
495 2608 665 2671 pergamus.
682 2589 780 2656 Recte
791 2590 828 2653 de
838 2591 897 2653 hac
907 2591 1012 2671 templi
1022 2598 1176 2654 structura
1184 2593 1347 2673 accipimus

39 2679 261 2742 cutosJodaeos
271 2680 516 2761 apudJoannem,
532 2679 739 2762 qnandoanno
749 2679 871 2755 Juliano
883 2673 934 2741 74.
945 2678 1068 2742 Christo
1079 2680 1192 2755 dicunt,
1207 2680 1250 2744 46
1258 2681 1346 2744 annis

39 2767 194 2830 dificatum
208 2787 277 2831 esse
293 2769 439 2849 templum
454 2766 543 2844 illud;
567 2768 774 2848 intelligentes
790 2774 945 2844 ornatum,
965 2768 1017 2849 qui
1032 2775 1104 2849 post
1126 2765 1347 2832 dedicationem

39 2857 117 2918 ¹rino
134 2865 167 2920 et
188 2865 308 2920 mortuo
329 2856 451 2921 Herode
477 2858 671 2923 continuatus
690 2864 747 2920 est
776 2856 873 2921 Aufer
887 2855 1107 2921 Julianumao.
1124 2879 1143 2919 ι
1159 2852 1209 2933 74,
1225 2866 1346 2922 restant

39 2945 73 3008 mi
88 2945 140 3009 48.
185 2946 280 3022 Bene,
295 2947 375 3028 qnod
390 2947 458 3028 plus
473 2965 563 3029 quam
578 2945 630 3009 46.
673 2947 754 3010 Nam
770 2954 803 3008 et
816 2945 956 3008 Herodes
970 2946 1029 3008 hoc
1045 2966 1119 3028 opus
1134 2946 1356 3018 insulsitatis

39 3054 60 3096 ιι
80 3035 203 3100 finiente
217 3036 340 3100 Juliauo
365 3034 423 3111 26,
444 3043 517 3118 post
532 3054 685 3099 recessum
698 3035 845 3123 Augusti,
868 3042 900 3097 et
914 3035 1067 3117 Josepbus
1083 3043 1188 3117 aperte
1204 3044 1347 3111 testatur,
1444 3094 1450 3120 ,

39 3142 118 3209 mpus
134 3133 323 3188 consumtum
337 3125 467 3188 materia
482 3125 691 3188 consectanda
706 3133 739 3187 et
754 3124 941 3187 demoliendo
958 3126 1070 3205 templo
1086 3125 1194 3206 priori;
1214 3135 1249 3188 ιιι
1263 3126 1346 3190 veri*

39 3213 97 3276 uile
113 3213 171 3289 sit,
193 3220 379 3277 structuram
393 3213 545 3294 inceptam
568 3233 647 3277 anno
663 3213 784 3277 Juliano
800 3213 852 3276 28.
898 3212 1042 3295 Sequitur
1057 3214 1187 3277 Herodis
1208 3214 1346 3296 peregri·
1363 3235 1367 3243 ’

39 3303 84 3366 etio
106 3302 235 3366 Romam
258 3310 290 3364 et
312 3303 429 3365 reditus
450 3320 519 3365 cum
540 3298 609 3366 filiis
632 3322 670 3365 ex
691 3298 884 3365 Marianae·
916 3304 1077 3384 Angustus
1099 3304 1178 3366 enim
1200 3324 1279 3367 anno
1295 3299 1346 3369 27.

39 3410 127 3454 emam
148 3392 241 3454 rediit
262 3392 433 3473 mansitque
455 3391 496 3455 ibi
513 3392 659 3466 triennio,
681 3399 716 3454 ut
730 3391 811 3455 Dion
832 3391 937 3454 babet.
981 3392 1121 3456 Meminit
1138 3393 1292 3475 Josephus
1314 3403 1347 3457 et

39 3480 156 3562 grippae
171 3480 287 3544 reversi
301 3481 333 3543 in
347 3480 464 3555 Asiam,
479 3481 599 3561 quando
608 3481 748 3551 Herodes
764 3499 831 3542 eum
847 3479 990 3544 invitavit
1004 3481 1036 3544 in
1051 3501 1176 3563 regnum
1191 3485 1345 3567 profectus

39 3569 145 3633 iillum.
190 3570 226 3632 ld
247 3570 362 3633 factum
375 3569 436 3632 Dio
452 3577 586 3633 testatur
606 3569 728 3634 Juliano
743 3569 795 3632 30.
832 3569 969 3651 Uterque
991 3590 1141 3633 consensu
1162 3573 1346 3654 subjungunt

39 3658 394 3740 pcdicionenagrippae
416 3658 447 3721 in
461 3660 667 3741 Bosphorum
698 3665 731 3720 et
751 3657 811 3721 Dio
833 3659 946 3736 iactum
968 3659 1014 3722 ait
1036 3679 1115 3723 auno
1144 3660 1203 3735 32,
1225 3661 1345 3742 quando

39 3749 137 3810 erodes
145 3748 317 3828 Agrippam
339 3766 487 3830 quaerens
509 3748 541 3811 in
555 3749 745 3829 Bosphorum
766 3747 852 3809 venit
874 3755 906 3809 ιι
927 3747 1082 3811 inventum
1105 3750 1242 3830 confecto
1264 3750 1344 3812 bello

39 3838 87 3899 uit
100 3837 132 3900 in
146 3837 304 3901 Judaeam.
349 3837 487 3918 Denique
510 3857 575 3901 cum
590 3836 731 3918 Agrippa
747 3843 876 3899 exeunte
892 3836 1037 3900 decennio
1062 3836 1238 3902 tribunitiae
1253 3846 1344 3919 pote-

39 3925 91 3989 stis
106 3926 271 3989 decederet
285 3925 386 4008 Syria,
400 3927 540 3990 Herodes
554 3927 646 3989 tertio
662 3926 745 3989 illum
760 3925 877 4001 invisit,
898 3925 1015 3990 habens
1030 3946 1131 3990 secum
1145 3927 1346 4008 Antipatrum

39 4015 126 4079 brem
146 4023 223 4081 natu
243 4016 406 4079 maximum
425 4035 467 4078 ex
480 4016 604 4079 Doride.
641 4015 722 4099 Dion
744 4033 854 4077 annum
875 4015 992 4079 indicat
1009 4016 1164 4086 lulianum
1185 4016 1227 4080 33
1250 4024 1282 4079 et
1307 4017 1344 4080 de

39 4104 121 4168 iente
138 4105 284 4168 decennio
300 4105 463 4180 consentit,
478 4124 548 4170 nam
564 4113 596 4175 ιι
610 4104 759 4186 incepisse
775 4104 849 4166 illud
865 4124 943 4167 anno
960 4105 1011 4168 23.
1028 4108 1159 4169 con'stat.

86 4193 233 4258 Succedit
253 4194 385 4256 Herodis
406 4193 466 4257 iter
486 4193 616 4258 Romam
638 4194 679 4257 ad
700 4194 888 4257 accusandos
915 4214 986 4257 suos
1002 4213 1041 4257 ex
1061 4195 1229 4271 Mariamne
1252 4196 1362 4259 liliosa

39 4282 53 4345 i
66 4283 235 4347 adventans
252 4283 418 4348 Gaesarem
432 4284 591 4366 Aquileiae
607 4303 675 4347 esse
692 4282 814 4346 audivit
844 4281 903 4346 Dio
919 4293 1078 4361 annumet
1092 4282 1215 4348 cansam
1229 4285 1346 4348 indicat

39 4372 171 4436 isentiae:
196 4393 275 4436 anno
297 4371 349 4437 36.
370 4371 465 4436 Dacis
488 4382 520 4437 et
541 4372 695 4437 Dalmatis
718 4371 934 4434 rebellantibus
955 4373 1114 4454 Augustus
1137 4394 1204 4437 cum
1223 4375 1344 4438 Tiberio

39 4461 151 4526 'eiectus
165 4461 197 4525 in
213 4460 333 4525 Gallias
350 4456 433 4544 (erat
448 4470 551 4526 autem
566 4470 599 4525 et
612 4461 758 4525 Liburnia
773 4467 806 4524 et
820 4460 962 4542 Aquileia
976 4481 1048 4542 pars
1065 4461 1185 4526 Galliae
1201 4465 1344 4544 togatae)

39 4547 78 4625 de,
92 4571 133 4613 sc.
149 4570 189 4614 ex
202 4550 346 4632 Aquileia
360 4550 460 4615 vicina
474 4551 613 4633 Illyrico,
634 4550 718 4620 misit
732 4550 885 4615 Tiberium
909 4558 1017 4615 contra
1031 4553 1153 4628 hostes;
1177 4553 1242 4633 ipse
1257 4553 1344 4633 Lng-

39 4655 108 4701 uum
120 4640 278 4721 proiectus
294 4647 359 4715 eet,
379 4641 439 4703 fine
461 4641 532 4704 anni
546 4641 676 4707 Romam
696 4660 758 4703 una
780 4646 852 4702 sunt
866 4639 989 4703 reversi.
1033 4642 1093 4704 Per
1108 4642 1139 4704 id
1159 4641 1257 4722 ipsum
1272 4660 1344 4723 ergo

39 4742 116 4808 tepus
129 4728 284 4810 Joeephus
299 4728 346 4792 ait
360 4729 534 4794 dedicatam
549 4729 750 4806 Caesaream,
771 4728 857 4810 cnjus
872 4728 1078 4794 aedificandae
1094 4731 1251 4795 consilinm
1265 4751 1344 4797 anno
