3144 5474
164 224 167 242 '
197 231 260 306 101
760 250 863 306 rema
875 252 980 320 116161
1115 251 1118 261 ·

192 397 331 482 Josepho
345 399 459 483 primus
474 397 561 480 regni
575 395 715 461 Herodis.
761 395 815 462 Sic
830 416 940 484 annum
956 395 1179 475 3616116666,
1198 416 1257 481 quo
1272 398 1436 482 Augustus
1449 398 1533 464 Dione

194 489 296 553 iudice
311 490 415 552 initia
432 487 559 562 Galliis,
581 495 615 549 et
627 487 708 550 unde
722 487 900 551 redeuntem
915 488 1000 552 exitu
1015 489 1085 552 6661
1100 488 1240 555 Herodes
1262 507 1302 552 ex
1317 489 1413 573 Syria
1426 490 1535 554 veniens

192 579 311 644 1616611
325 578 504 661 Aquilejae,
526 577 605 640 hunc
619 576 715 661 igitur
729 595 839 641 annum
854 577 875 643 J
876 579 1008 662 asephus
1024 579 1142 640 confert
1156 578 1186 640 in
1201 577 1334 642 Herodis
1351 578 1417 656 286
1441 580 1483 642 616
1496 579 1533 642 61-

197 687 284 733 cens:
315 667 399 731 1166
415 664 567 748 (intellige
590 673 712 730 aestate
727 668 844 749 priore,
867 672 955 751 quam
970 667 1049 729 isset
1061 667 1202 730 Herodes
1216 662 1364 749 Romam)
1377 671 1535 753 perfectum

187 759 295 843 faisse
311 756 510 832 Caesaream,
528 755 717 839 Olympiade
729 754 871 830 CXCII,
888 776 947 838 666
962 757 1122 820 notatione
1139 758 1313 842 frequenter
1329 759 1413 822 solet
1427 759 1534 840 signare

195 856 264 912 tota
280 846 491 932 quadrienuia,
512 865 573 909 666
596 854 712 909 661166
733 865 836 911 66166
858 865 977 909 66666.
1006 847 1115 927 116666
1138 847 1250 910 6616116
1272 843 1316 912 27
1337 846 1534 912 6611616636

195 937 374 1019 relinquitur
389 936 418 1000 9.
427 936 583 1011 Julianus,
605 935 655 1017 qui
676 936 789 1017 primus
805 935 936 999 Herodis
958 936 1150 1018 perhibetur;
1181 937 1252 1018 quia
1274 936 1396 1007 scilicet
1415 957 1451 1000 eo
1467 937 1535 1018 cepit

194 1026 412 1109 ierosolymae
457 1024 592 1106 Objiciat
606 1024 678 1088 mihi
691 1025 761 1130 quis
776 1025 986 1090 celebritatem
1000 1024 1147 1101 ludomm,
1167 1045 1242 1109 quos
1255 1024 1400 1091 Herodes
1414 1027 1535 1092 instituit

197 1115 390 1182 Caesareae?
420 1115 539 1180 seilicet
560 1121 596 1178 ut
616 1113 818 1196 suspicionem
839 1115 934 1180 faciat
956 1113 1158 1197 Olympiadici
1180 1115 1303 1193 ludicri,
1325 1116 1408 1200 quod
1429 1115 1535 1180 6661161

196 1206 284 1269 aunis
298 1205 429 1285 Julianis
445 1205 496 1269 34.
512 1203 564 1268 36
581 1204 727 1268 celebrari
740 1203 861 1308 6616111
884 1205 931 1268 st
944 1205 1098 1286 perpende
1113 1224 1174 1270 non
1189 1205 1340 1281 decuisse,
1355 1213 1393 1270 ut
1406 1207 1534 1271 Herodes

197 1278 407 1378 Olympiacam
422 1295 652 1369 celebritatem,
663 1313 751 1376 quam
766 1294 833 1375 ipse
849 1293 946 1369 anxit,
963 1292 1158 1379 Caesariensi
1179 1295 1329 1358 61666161
1336 1284 1453 1358 eodem
1467 1314 1534 1359 anno

144 1382 151 1395 ’“
196 1393 355 1465 occupata
379 1385 426 1447 At
439 1384 509 1447 vide
520 1383 676 1448 consilium
686 1382 1533 1491 Η616616611661666636.1111166620.666666661616·

195 1473 421 1537 baturamorte
430 1473 558 1537 11616611
566 1481 599 1536 61
609 1472 792 1555 Cleopatrae
803 1480 835 1535 et
848 1480 974 1554 1666616
981 1472 1185 1554 Alexandria,
1200 1480 1274 1555 post
1282 1493 1379 1556 quam
1387 1475 1532 1538 victoriam

197 1561 314 1630 Caesar
329 1564 411 1627 sulus
425 1563 550 1645 imperio
560 1563 677 1644 potitus
693 1570 756 1638 est,
779 1581 870 1644 6666
886 1563 1026 1626 Herodes
1042 1561 1216 1627 Caesareae
1237 1581 1310 1626 suae
1327 1583 1438 1628 nomen
1454 1564 1531 1628 dedit

282 1653 351 1716 Huc
372 1653 504 1735 quadrat
526 1651 866 1716 61166166661666616
889 1654 962 1714 21.
978 1653 1030 1715 20.
1051 1653 1260 1729 mediocriter,
1280 1670 1371 1735 quem
1392 1655 1529 1736 6666661

195 1736 343 1806 inoffenso
366 1742 481 1805 transit
496 1741 643 1823 Scaliger.
667 1743 771 1805 'Anno
794 1742 843 1805 15.
857 1740 992 1816 1166111,
1008 1741 1058 1823 661
1080 1748 1130 1804 661
1144 1760 1199 1824 661
1221 1742 1409 1825 hypothesin
1423 1743 1528 1807 tertiam

194 1830 335 1896 Julianus
351 1827 403 1908 73,
418 1832 527 1898 166661
544 1831 649 1895 616661
664 1829 797 1906 Christo,
818 1829 862 1895 46
879 1831 966 1893 66616
983 1831 1177 1894 aedificatum
1192 1851 1261 1894 esse
1276 1833 1433 1915 templum,
1447 1853 1527 1915 qnan-
1542 1832 1547 1843 ’

195 1929 260 1985 166
275 1922 341 2002 ejas
356 1941 392 1984 66
408 1941 504 2003 nsque
515 1929 588 1984 ‘erat
604 1928 849 1985 consummatum
886 1920 983 1982 Aufer
998 1919 1041 1982 46
1058 1921 1172 1984 6611666
1188 1942 1207 1985 a
1222 1916 1265 1985 73
1281 1929 1384 1985 166161
1399 1919 1526 1986 271611·

196 2030 272 2075 anus
288 2030 420 2076 currens.
449 2011 565 2074 Dicunt
585 2011 679 2093 igitur
692 2010 801 2074 Judaei
818 2016 957 2092 6666166
968 2011 1158 2099 structuram
1172 2011 1296 2074 Juliano
1313 2006 1370 2087 27,
1392 2011 1526 2093 Josephus

71 2140 74 2148 ,
195 2119 268 2163 vero
284 2100 640 2184 611,611661616666116
656 2101 760 2163 66166
776 2099 962 2162 66661111661
978 2099 1082 2189 templi
1098 2100 1220 2181 6116116
1223 2107 1255 2162 61
1271 2102 1524 2164 6661661166166-

196 2189 301 2254 161166.
331 2190 416 2253 Idem
431 2190 476 2253 ait
490 2191 714 2273 promulgatum
729 2189 767 2252 ab
782 2189 905 2253 Herode
921 2170 1076 2251 66616166
1096 2189 1154 2252 666
1170 2190 1207 2252 66
1223 2191 1337 2294 166616
1354 2189 1523 2254 aedificando

197 2298 276 2348 anno
291 2279 377 2362 regni
396 2279 453 2354 183
478 2279 591 2342 additis
617 2275 657 2343 17
673 2278 779 2341 6611616
795 2277 879 2341 669.
892 2276 1047 2342 Julianum
1062 2287 1241 2354 currentem,
1261 2278 1327 2342 exit
1342 2279 1394 2344 26.
1403 2281 1522 2344 Julianus

197 2386 335 2446 currens,
357 2389 416 2452 quo
430 2370 583 2452 Josephus
606 2368 651 2431 ait
666 2369 821 2431 decretam
836 2368 1078 2431 aedificationem
1093 2369 1211 2451 templi,
1234 2387 1331 2432 annus
1346 2388 1521 2452 66666616

79 2525 82 2533 ,
195 2459 294 2522 1116166
317 2459 510 2535 661611166,
532 2478 590 2542 666
612 2458 817 2534 6666166661
840 2457 982 2520 dixemnt
1005 2463 1144 2539 coeptam
1167 2465 1360 2522 stmcturam.
1394 2461 1522 2525 61666111

124 2579 126 2583 ·
198 2548 293 2629 igitur
314 2556 347 2611 et
368 2548 418 2613 hic
432 2549 586 2630 Josephus
608 2567 704 2610 anuos
718 2547 850 2610 Herodis
873 2568 891 2609 a
914 2546 1013 2628 captis
1027 2546 1234 2630 ierosolymis.
1271 2548 1383 2632 itaque
1403 2550 1440 2612 66
1458 2547 1520 2611 bello

61 2704 64 2712 ,
133 2697 136 2706 ,
195 2637 265 2702 166.
281 2637 331 2701 116.
346 2638 370 2701 Ι.
387 2657 452 2720 666.
471 2638 537 2713 16,
558 2637 610 2701 661
625 2637 813 2720 quindecimo
829 2635 914 2718 regni
931 2655 1009 2698 anuo
1026 2636 1209 2738 adscribitur
1223 2638 1282 2701 hoc
1297 2639 1519 2714 6661616666·

193 2727 264 2793 nlno
280 2727 421 2791 mendum
436 2735 494 2789 est

283 2816 337 2881 616
346 2817 413 2881 Lrb
422 2816 446 2879 Ι.
457 2835 522 2898 666
535 2815 584 2882 15.
594 2816 631 2879 de
640 2816 721 2882 66116
730 2816 800 2879 166
810 2815 991 2896 Augustum
994 2815 1040 2885 art
1049 2834 1129 2878 anno
1141 2815 1191 2879 10.
1201 2836 1357 2880 reversum
1364 2837 1396 2880 16
1407 2816 1517 2900 Syriam:

193 2926 266 2990 ergo
289 2906 340 2970 25.
356 2907 487 2970 1611666.
523 2906 604 2969 Nam
626 2901 797 2970 sexdecimo
819 2905 850 2968 iu
866 2904 957 2988 Syria
972 2906 1088 2982 iuerat,
1110 2905 1176 2969 iens
1197 2906 1229 2970 in
1244 2906 1421 2990 Aegyptum
1435 2911 1518 2970 666111

192 2997 370 3062 Antonium.
398 2996 488 3059 Hunc
510 2996 562 3059 25.
577 2994 730 3059 16116666
745 2995 775 3056 16
792 2995 891 3057 66166
907 2994 1039 3070 habens,
1062 2995 1199 3078 appellat
1216 2991 1517 3076 17.Η616616,’666ιι

193 3087 326 3151 affirmat
341 3086 556 3168 amplificatum
570 3085 685 3149 Herodi
701 3103 827 3165 regnum
843 3084 882 3148 ab
893 3084 1042 3165 Augusto.
1073 3086 1170 3148 Aufer
1188 3084 1228 3148 16
1239 3085 1354 3149 6611666
1371 3109 1390 3149 a
1406 3085 1453 3149 25.
1466 3102 1518 3147 661-

192 3184 289 3252 16616,
312 3182 413 3238 166161
428 3174 456 3240 9.
465 3174 605 3238 Julianus
622 3192 754 3250 6611666,
777 3194 835 3257 666
850 3174 1044 3256 Jerosolyma
1059 3182 1160 3257 capta,
1183 3174 1262 3238 6666
1277 3174 1410 3239 Η616616
1424 3174 1519 3238 initium

1 3327 4 3337 ,
138 3356 141 3364 ¹
191 3273 283 3349 putat
297 3265 459 3370 Josephus.

280 3354 339 3418 Hic
355 3374 380 3417 sr
371 3354 520 3417 Dionem
535 3353 735 3429 conferamus,
750 3352 872 3416 ridetur
886 3352 972 3416 nasci
992 3346 1142 3416 instantia
1157 3358 1282 3416 nostrae
1297 3353 1458 3461 hypothesi
1469 3360 1518 3414 ter·

192 3443 264 3508 1166.
300 3445 380 3508 Nem
395 3442 488 3506 Dioni
503 3443 663 3525 Augustus
680 3462 758 3507 6666
774 3442 825 3505 24.
842 3442 931 3505 6611’
922 3462 953 3504 16
969 3440 1122 3519 Siciliam,
1145 3443 1244 3506 animo
1261 3444 1375 3507 66661
1365 3464 1397 3507 m
1413 3441 1519 3526 Syriam.
1545 3493 1550 3507 .

191 3534 292 3617 ibique
312 3533 470 3609 hibernat3
501 3553 579 3597 anno
601 3533 684 3596 25.
675 3554 705 3596 ιι
729 3531 854 3597 Samum
876 3539 908 3595 et
928 3531 978 3594 hic
1000 3530 1156 3608 61666613
1192 3553 1272 3597 6666
1297 3529 1519 3597 66666266

192 3621 314 3706 Syriam
330 3623 475 3686 excurrit:
498 3622 677 3706 rediensque
692 3620 922 3697 1666666161
938 3621 1069 3685 secundo
1084 3622 1234 3699 hibemat,
1250 3632 1284 3686 et
1297 3620 1518 3704 huncJosepbur

191 3709 394 3795 6666116117.
410 3713 505 3794 regni,
520 3712 641 3776 ridetur
655 3712 748 3795 igitur
762 3712 811 3774 hic
834 3707 875 3775 17
897 3711 1064 3793 completos
1081 3718 1135 3775 aut
1150 3733 1169 3775 a
1184 3713 1232 3776 die
1248 3721 1359 3795 666166
1374 3713 1520 3788 urbianus
1554 3731 1557 3736 ’

192 3801 292 3867 aCal.
307 3802 462 3866 Jannariis
485 3809 641 3869 curreutes
662 3820 829 3867 numerare.
869 3799 936 3883 Ego
960 3819 1033 3864 1616
1044 3801 1110 3881 j'am
1126 3809 1197 3866 ante
1211 3803 1348 3884 probavi,
1367 3802 1521 3885 Josephus

193 3888 259 3955 cum
281 3892 319 3954 (16
340 3891 399 3955 666
422 3911 551 3956 excursu
562 3892 698 3972 'Augusti
713 3893 744 3955 in
761 3890 883 3974 Syriam
898 3891 1086 3972 loqueretur,
1108 3911 1168 3954 non
1185 3891 1236 3955 26.
1253 3892 1307 3955 666
1323 3893 1374 3957 25.
1388 3893 1522 3957 16116666

189 3981 221 4045 in
245 3980 344 4044 66166
366 3980 518 4045 habuisse.
550 3979 652 4053 Quare
666 3988 703 4044 ut
719 3980 897 4055 concedam,
918 3980 968 4043 vel
984 3981 1152 4064 Josepbum
1166 3982 1215 4045 rel
1229 3982 1360 4045 Dionem
1380 4003 1442 4046 uno
1461 3995 1522 4044 6666

192 4071 334 4135 66611616
350 4070 381 4133 16
395 4070 534 4146 61616116,
548 4070 622 4134 illud
637 4088 698 4133 non
714 4079 763 4134 est
778 4089 913 4144 necesse,
934 4075 970 4133 61
985 4071 1180 4147 6666666161,
1202 4071 1370 4154 16666666
1385 4086 1523 4138 numerare
1556 4123 1557 4127 ,

190 4158 1526 4266 616666616166.1166660166666666666166666616666161161,(1666616611

189 4249 248 4315 hoc
264 4251 320 4327 sit,
343 4248 560 4333 6666616166
583 4268 650 4312 sera
666 4249 782 4336 trajicit
795 4249 1015 4333 Augustarum
1031 4249 1154 4326 Asiam,
1177 4250 1300 4315 nimium
1316 4250 1367 4316 (116
1382 4248 1528 4316 16166116
1562 4300 1563 4306 .

191 4338 299 4416 Sam03
324 4340 350 4404 si
373 4338 438 4422 quis
454 4345 592 4422 tempora
606 4339 697 4402 rebus
720 4331 991 4404 administrandis
982 4360 1013 4402 16
1028 4341 1224 4446 61666111666
1243 4341 1331 4420 justa
1348 4341 1569 4406 admetiatur

277 4430 348 4496 166
364 4429 486 4493 616666
508 4428 595 4492 66616
617 4436 667 4491 661
682 4429 853 4492 666116666
868 4429 1014 4511 suspicio,
1037 4449 1124 4512 quasi
1116 4430 1323 4513 '‘Josephus
1313 4451 1345 4494 m
1367 4430 1532 4496 consulbus

190 4518 333 4602 allegatis
356 4519 447 4583 fuerit
468 4518 687 4594 hallucinatum
711 4520 755 4583 sic
778 4523 812 4582 ut
835 4519 1021 4604 temporibus
1038 4520 1183 4602 cogitatis
1208 4539 1268 4585 non
1284 4521 1435 4603 genuinos
1449 4526 1535 4605 prae·

190 4608 299 4691 figeret
313 4609 461 4674 66666166.
497 4607 597 4677 Simul.
615 4615 717 4672 autem
738 4609 813 4672 fides
836 4608 974 4674 iacienda
989 4608 1042 4684 iis¹
1064 4629 1141 4692 quae
1163 4610 1242 4675 dixi:
1265 4610 1422 4676 Herodem
1439 4630 1538 4696 regem

191 4697 478 4780 6661616166611611
488 4706 576 4782 parte
588 4698 700 4774 66616,
710 4718 771 4762 666
780 4700 964 4781 6661611616
980 4699 1189 4783 Jerosolymas
1199 4719 1272 4764 vero
1288 4702 1409 4783 cepisse
1420 4723 1502 4768 anno
1512 4702 1541 4768 9.

190 4806 254 4852 666
264 4787 294 4852 8.
320 4786 405 4851 Sunt
415 4807 447 4852 a.
462 4789 525 4871 661,
542 4789 661 4872 6666611
677 4786 860 4874 amphibolia
873 4788 958 4852 vocis
972 4811 1125 4873 6666666,
1138 4791 1294 4856 11616666
1309 4799 1424 4874 661661
1439 4794 1540 4858 hieme
