3144 5474
534 261 605 316 sna
616 262 802 332 memma
954 310 960 317 .
1007 233 1009 237 ’
1059 339 1061 343 Δ
1278 249 1336 320 ter

17 404 45 469 hi
72 404 155 469 {orte
185 362 299 472 census
328 413 415 473 actus
429 384 432 393 ¹
445 378 503 473 nos
527 409 720 491 postmodum
743 410 776 473 in
799 409 923 474 arctiori
947 410 1117 481 consttuat
1140 412 1256 495 spatio,
1287 420 1343 481 aut
1437 430 1438 440 ¹

17 494 105 558 unino
121 497 215 561 fldem
236 506 391 564 mersatm
405 505 496 562 setus
511 499 637 562 traditio
653 498 691 562 de
706 500 818 566 bimulo
834 498 973 574 Christo,
995 500 1115 582 quando
1137 520 1176 564 ex
1194 503 1341 586 Aegypto

17 584 187 739 momnis
201 676 297 758 igitur
311 677 398 741 labor
411 677 443 741 in
459 696 587 741 excessu
599 677 733 742 Herodis
752 677 925 760 indagando
940 677 1079 753 vertitur,
1094 678 1180 759 cujus
1194 680 1342 746 historiae

17 765 118 847 uiptor
140 767 298 849 Josophus
320 775 353 831 et
375 767 623 849 diligentissimus
654 776 686 832 et
706 767 914 832 Romanarum
938 784 1047 831 rerum
1060 768 1279 852 peritissimus,
1308 777 1342 836 st

17 855 106 919 sblica
120 855 330 921 Romanorum
344 857 565 940 Imperatorum
579 856 779 923 honoratione
795 859 833 921 de
842 856 901 920 tte
916 857 1154 934 commendatus,
1169 878 1236 923 eum
1250 860 1341 927 hodie

17 945 86 1008 vino
101 945 254 1010 beneficio
270 947 416 1028 supersit:
439 947 547 1010 mirum
564 948 701 1030 equidem
717 955 780 1023 est,
803 966 860 1029 quo
876 947 942 1009 lato
957 946 1026 1022 fiat,
1046 953 1083 1010 ut
1098 945 1266 1014 Christiani
1281 949 1340 1014 ho·

17 1034 81 1097 ines
96 1034 203 1117 potius
217 1036 262 1099 illi
277 1037 367 1100 fidem
383 1037 533 1119 abrogent
548 1031 623 1118 (quo
638 1037 801 1104 rotundum
808 1037 845 1099 Β.
854 1031 957 1100 Lucae
973 1054 1137 1112 numerum,
1152 1038 1340 1105 reclamante

17 1124 139 1189 nticula
154 1120 239 1202 dces,
261 1126 358 1208 rigide
375 1128 458 1209 sequi
474 1121 626 1209 possint),
645 1144 735 1208 quam
756 1133 793 1188 ut
806 1145 845 1187 ex
866 1125 925 1188 fide
939 1125 1069 1206 Joaophi
1087 1125 1181 1190 etiam
1194 1127 1340 1211 Evange-
1461 1142 1465 1154 ⁴

17 1222 126 1283 tarum
141 1214 233 1278 tidem
249 1217 286 1278 de
302 1216 467 1280 nativitate
483 1215 679 1278 scribentium
700 1216 742 1278 ad
756 1222 881 1278 exteros
896 1221 930 1277 et
943 1214 1091 1296 gentiles,
1113 1216 1221 1298 quibus
1236 1225 1342 1283 tamea

17 1304 165 1385 sputandi
189 1305 394 1369 conditionem
419 1306 573 1382 deserunt,
604 1305 757 1368 luculento
783 1311 816 1367 et
838 1304 1022 1385 penetrabili
1051 1312 1230 1387 argumento
1254 1327 1340 1372 com·

17 1392 140 1455 cudent
178 1392 324 1457 Ceterum
340 1394 503 1477 Joeephus,
519 1393 745 1473 ajuntsrravis
759 1394 791 1457 in
806 1413 951 1461 annorum
975 1395 1201 1476 computatione
1217 1397 1339 1480 saepius

35 1481 117 1546 citra
142 1484 396 1549 controversiam:
426 1501 487 1547 non
510 1490 609 1571 tutum
629 1484 736 1567 igitur,
759 1485 884 1565 exejus
906 1484 966 1546 tide
981 1483 1106 1547 tarmen
1120 1484 1342 1568 Evangelistae

17 1591 106 1636 mero
121 1572 187 1635 vim
203 1574 312 1637 iacere„
782 1619 785 1623 ,
1326 1610 1329 1621 =

68 1663 206 1745 Accipio
221 1664 424 1727 conditionem
438 1663 527 1745 hujus
543 1663 642 1746 campi
658 1670 691 1727 ot
706 1680 845 1739 occurro;
870 1661 977 1744 quodsi
991 1662 1145 1745 Josephus
1164 1664 1197 1727 in
1210 1663 1342 1731 historia

17 1770 125 1816 omana
144 1749 210 1832 (oui
224 1752 354 1817 Judaiou
370 1754 414 1817 sic
428 1753 550 1816 intexta
566 1761 623 1829 est,
638 1753 683 1816 uti
700 1753 892 1835 subtegmine
907 1747 1112 1835 staminibus).
1126 1754 1238 1821 nullius
1253 1774 1341 1820 erro·

17 1863 25 1904 ι
39 1861 81 1905 ex
96 1842 221 1918 Tacito,
236 1843 344 1920 Dione,
360 1842 517 1919 Suetonio,
532 1843 705 1919 Paterculo,
721 1843 833 1910 ceteris
849 1842 973 1924 coargui
987 1849 1102 1924 potest,
1122 1852 1155 1907 et
1169 1844 1197 1908 si
1210 1844 1342 1910 Judaics

17 1932 117 1996 erodis
132 1933 262 2015 negotia
276 1934 373 1996 natali
389 1931 506 1997 Christi
520 1932 621 1996 vicina
637 1928 692 2015 (do
708 1930 928 2015 antiquioribus
944 1932 1023 1995 enim
1039 1934 1252 1999 excusationes
1268 1943 1342 2000 sunt

17 2015 103 2101 riae)
135 2041 195 2104 per
218 2022 388 2104 hujusmodi
411 2017 656 2086 circumstantias
680 2022 887 2089 Romanorum
915 2023 1161 2087 ‘concurrentium
1185 2017 1363 2103 describit'

17 2133 55 2174 aa
71 2111 210 2174 Romani
233 2114 399 2194 scriptores
415 2112 554 2188 easdem,
576 2130 632 2177 nec
648 2119 751 2175 tamen
767 2131 805 2175 ex
821 2111 999 2194 composito,
1015 2122 1260 2192 commemorant,
1270 2115 1340 2197 juro

17 2201 91 2264 erite
106 2201 188 2264 tides
205 2202 232 2264 ei
254 2210 304 2266 est
318 2202 460 2267 habenda
483 2202 576 2266 otiam
590 2202 622 2264 in
636 2202 784 2265 Judaicis.
827 2201 924 2284 Atqui
945 2201 1007 2264 hoc
1020 2203 1243 2268 demonstravit
1258 2204 1339 2271 Sus-

17 2309 67 2373 ga3
92 2291 146 2354 hic
161 2290 244 2355 illins
257 2291 351 2356 libelli
367 2311 487 2375 scopus,
501 2292 579 2356 haeo
595 2299 783 2355 summatest.
813 2291 880 2354 Hoc
896 2291 922 2354 si
937 2293 1089 2375 repetiero
1105 2301 1137 2357 et
1152 2294 1266 2359 diserte
1282 2312 1338 2360 ex-

17 2384 158 2456 icavero,
185 2380 364 2446 liberabitur
383 2382 537 2464 Josephus
559 2381 599 2445 ab
620 2401 755 2445 errorum
774 2381 996 2446 intentatorum
1018 2381 1203 2465 suspicione:
1233 2384 1341 2450 nisisi

17 2471 49 2534 id
66 2471 154 2534 forte
170 2471 312 2552 peccarit
325 2471 482 2547 librarius,
505 2492 524 2535 a
546 2482 604 2554 quo
624 2482 759 2535 casune
781 2472 850 2554 ipsa
873 2469 992 2555 quidem
1014 2491 1104 2536 sacra
1124 2474 1279 2538 volumina
1301 2490 1341 2540 ox

17 2561 60 2625 mi
75 2568 173 2644 parte
188 2570 366 2626 manserunt
380 2562 536 2626 immunia:
561 2561 668 2645 quibus
689 2568 794 2626 mmen
808 2560 1072 2625 nihilominus‘sua
1088 2570 1213 2626 constat
1227 2564 1338 2649 irrslh·

17 2651 86 2716 hilis
96 2651 280 2714 auctoritas.
475 2698 476 2702 ,

67 2741 158 2805 Utar
182 2749 296 2809 autem,
313 2742 353 2805 ad
381 2740 460 2805 hano
484 2759 549 2804 rem
571 2740 799 2824 proponendam
822 2739 870 2803 his
894 2740 1083 2822 potissimum
1108 2740 1337 2824 hypothesibus.

23 2831 228 2895 Inconfesso
245 2838 294 2896 est
303 2830 383 2913 apud
394 2850 507 2907 omnes,
523 2831 594 2894 anni
610 2830 830 2893 ordinationem
838 2829 1001 2906 Juliauam,
1015 2831 1061 2894 uti
1077 2832 1116 2895 ab
1131 2832 1273 2914 Augusto
1289 2839 1340 2896 est
1458 2871 1462 2876 -

17 2921 141 2996 stituta,
157 2922 308 2985 mansisse
322 2923 486 3004 hucusque,
502 2928 534 2983 et
550 2919 705 2985 Calendis
719 2919 891 2994 Januarias‚
912 2940 931 2982 a
946 2920 1053 3001 quibus
1068 2920 1127 2984 init
1141 2929 1249 2985 nostra
1263 2921 1338 2986 viti·

17 3033 34 3074 a
50 3010 177 3076 Christi
194 3029 282 3087 aera,
303 3011 482 3093 principium
495 3010 597 3073 'inisse
613 3009 837 3095 quadragesimi
860 3009 939 3071 sexti
954 3009 1080 3086 Juliani,
1104 3008 1181 3092 Oajo
1203 3010 1339 3076 Caesare

17 3101 118 3184 ugusti
142 3101 208 3165 iilic
231 3108 263 3163 et
276 3100 408 3164 Aemilio
422 3100 519 3165 Paulo
536 3099 623 3165 Coss.
668 3099 801 3163 Primum
822 3117 894 3162 vero
916 3099 1070 3162 Julianum
1086 3096 1174 3166 Coss.
1195 3101 1339 3166 habuisse
1406 3164 1411 3184 ¹

36 3190 158 3255 Julium
187 3189 353 3255 Gaesarem
380 3197 412 3253 et
432 3190 560 3254 Fabium
581 3189 756 3255 Maximum
800 3189 869 3253 Hac
892 3187 1081 3252 Julianorum
1106 3190 1185 3254 serie
1208 3191 1340 3257 lubenter
1379 3248 1383 3254 .

26 3281 86 3344 hoc
103 3280 235 3361 negotio
249 3287 328 3355 utor,
342 3288 378 3343 nt
393 3299 469 3363 queo
485 3279 727 3357 centenariorum
743 3278 926 3362 repetitione
941 3297 1002 3341 non
1018 3278 1064 3353 sit
1075 3286 1211 3344 onorata

70 3379 112 3442 11.
146 3376 330 3442 Confessum
355 3386 387 3442 et
409 3379 467 3442 hoc
492 3385 542 3441 est
563 3377 733 3453 historicis,
756 3400 775 3440 a
797 3397 854 3462 quo
877 3384 1013 3458 tempore
1037 3378 1138 3460 coepit
1151 3378 1341 3446 Julisuorum

17 3488 133 3534 morum
151 3467 259 3544 series,
274 3469 413 3533 consules
429 3488 576 3535 annorum
591 3468 777 3551 singulorum
793 3468 837 3531 sic
849 3466 926 3554 sciri,
941 3474 977 3530 ut
992 3468 1083 3532 alteri
1098 3468 1263 3535 alterorum
1278 3471 1343 3536 siut

17 3558 118 3634 udices,
142 3559 256 3621 saltem
277 3577 371 3640 usque
388 3559 427 3622 ad
442 3558 556 3623 liberii
572 3578 744 3634 excessum,
768 3558 837 3641 quia
853 3576 919 3619 cum
943 3557 1139 3640 sequentibus
1154 3558 1342 3643 temporibus

17 3647 99 3711 ullum
114 3648 206 3711 uobis
221 3649 251 3710 in
268 3668 413 3730 praesens
429 3656 479 3711 est
494 3649 657 3730 negotium.
701 3648 809 3730 Itaque
823 3645 985 3730 breuitatis
1002 3668 1096 3712 causa
1110 3655 1181 3713 utar
1195 3658 1230 3713 ut
1244 3650 1340 3732 pluri-

17 3752 67 3800 mm
80 3757 210 3801 numero
225 3738 339 3801 Juliani
355 3739 434 3813 anni,
451 3737 570 3801 omissis
587 3736 674 3802 Coss.

75 3837 131 3901 ΠΙ.
161 3836 265 3900 Valde
281 3836 397 3914 ¹vereor,
413 3833 453 3900 'ut
465 3856 572 3910 ,omnes
587 3835 718 3900 Romani
728 3833 807 3916 juris
822 3833 1006 3916 provinciae,
1026 3854 1063 3898 ne
1079 3835 1207 3900 Judaeie
1223 3836 1343 3919 quidem

17 3924 50 3987 nb
62 3947 132 4009 rege
148 3927 288 4008 precario
305 3926 442 4008 exceptis
459 3921 531 4010 (nec
547 3927 625 3990 enim
641 3946 695 3989 rex
709 3925 759 3988 hic
775 3943 828 3986 eos
844 3943 936 3988 censu
960 3923 1041 3989 orbis
1058 3926 1198 4008 excipere
1217 3920 1343 4009 potuit),

17 4034 86 4079 unos
107 4017 327 4097 imperatorum
350 4024 382 4079 et
404 4035 509 4098 regum
523 4037 578 4098 per
601 4015 739 4079 consules
762 4022 936 4089 numerent,
959 4015 1002 4096 sic
1024 4015 1124 4097 utqui
1147 4015 1205 4080 tuit
1219 4015 1343 4080 ultimus

18 4103 134 4187 lugusti,
151 4106 217 4187 ejus
233 4107 386 4170 residuum
402 4127 421 4169 a
435 4106 523 4170 XIV.
540 4105 605 4171 Cal.
622 4105 708 4191 Sept
723 4111 897 4167 numeretur
911 4121 966 4187 pro
982 4104 1102 4186 integro
1119 4112 1151 4168 et
1161 4105 1247 4186 josto
1263 4125 1342 4169 anno

17 4193 84 4273 uino
117 4195 248 4272 Tiberii,
280 4195 396 4260 duobus
428 4193 549 4273 Sextis,
579 4195 725 4276 Pompejo
759 4200 790 4256 et
819 4191 951 4276 Apulejo
984 4193 1071 4259 Coss
1119 4191 1163 4259 Et
1185 4193 1250 4260 Gal.
1273 4196 1343 4261 Jan.

17 4286 204 4367 equentibus,
226 4286 329 4349 Druso
352 4293 385 4349 et
398 4285 544 4350 Norbano
561 4284 648 4350 Coss.
666 4284 731 4366 jam
754 4282 872 4346 dicatur
893 4283 969 4346 inire
984 4283 1023 4346 11.
1039 4283 1162 4360 Tiberii,
1183 4285 1236 4348 vix
1250 4284 1345 4351 tertia

17 4376 62 4438 uui
75 4382 168 4458 parte
190 4375 223 4438 in
243 4375 369 4456 imperio
392 4381 512 4447 exacta.
555 4374 689 4438 Videtur
709 4373 741 4437 id
763 4373 886 4437 innuere
905 4373 1031 4437 Tacitus
1046 4373 1159 4437 Annal.
1181 4373 1237 4438 111.
1259 4373 1345 4456 cujus

17 4466 85 4529 'trba
106 4466 201 4530 haec:
233 4473 388 4533 alstanus
404 4493 440 4531 ex
455 4475 620 4532 contumelio
639 4473 797 4532 consulatus
814 4472 946 4530 honorem
958 4471 1125 4544 principibus
1138 4473 1250 4544 petivit:
1264 4473 1346 4532 dixit·

17 4571 48 4627 ps
58 4576 107 4630 pro
124 4557 282 4624 sententia,
302 4564 335 4611 ut
347 4557 464 4628 publicis
482 4556 652 4629 privatisque
677 4554 856 4611 monumentis
877 4557 912 4611 ad
936 4553 1092 4609 memorium
1110 4558 1265 4626 temporum
1291 4572 1348 4613 non

17 4641 133 4694 mulum
146 4637 259 4693 nomina
280 4638 549 4710 praescmberentur,
571 4636 619 4692 sed
632 4652 738 4701 eorum,
759 4636 805 4708 qui
827 4635 995 4691 tribunitiam
1016 4640 1186 4705 potestatem
1208 4643 1345 4708 gererent

17 4715 131 4782 mestus
156 4736 233 4779 vero
259 4730 383 4783 decretas
411 4727 447 4783 ob
476 4725 645 4782 tribunitiam
666 4723 750 4784 Drusi
779 4729 948 4797 potestatem
978 4724 1145 4782 ceremonias
1175 4726 1348 4798 temperarit

17 4806 73 4873 heo
87 4806 231 4872 Tacitus.
268 4805 375 4870 Noluit
389 4824 496 4886 nempe
511 4823 627 4870 morem
641 4803 818 4867 numerandi
835 4823 980 4868 annorum
996 4804 1097 4887 spatia
1111 4823 1167 4887 per
1183 4803 1345 4890 Oossqab-
