3112 5474
526 236 1333 340 mecumtecum

20 402 92 476 rebat,
105 402 156 465 vel
172 421 191 464 a
206 402 337 467 consede
353 403 400 467 vel
423 421 463 467 ex
477 403 556 468 actis
569 403 697 487 publicis
713 405 849 469 obtinere
870 405 948 470 citro
963 407 1076 471 erroris
1088 409 1201 486 slsum
1225 408 1342 492 quihus?

20 491 133 555 mutis
148 491 339 556 adminiculis
360 492 425 575 ipse
445 502 552 557 contre
565 494 736 576 Appionem
756 495 914 580 plurimum
928 495 1084 576 gloriatur.
1122 495 1181 569 Qui
1196 496 1332 580 quamvis
1395 570 1400 589 ἱ

20 580 243 662 'ndescriptione
259 601 359 665 rerum
372 582 570 645 vetustiorum
583 583 736 646 interdum
754 583 917 647 dissentiat
940 608 959 650 a
978 585 1064 649 libris
1077 585 1203 649 Biblicis
1218 587 1333 649 veteris

20 671 185 733 lestamenti
206 676 240 732 et
261 690 280 733 e
303 670 500 752 scriptoribus
523 671 666 747 Graecis,
688 692 743 736 neo
762 673 870 753 ubique
893 674 1026 739 calculus
1049 692 1194 737 annorum
1215 675 1257 738 illi
1280 694 1332 737 re-
1430 710 1435 723 ·

20 751 201 841 pondeet4ad
217 759 372 822 amussim:
402 769 436 824 et
450 779 546 842 neque
562 758 674 825 Graeci
688 761 753 842 ipsi
769 769 840 825 eunt
852 762 934 827 inter
949 782 982 827 ee
1004 763 1086 826 circa
1101 781 1151 826 res
1166 764 1235 826 illes
1255 783 1331 827 cou-

20 847 101 910 ordes
117 855 151 910 et
166 848 276 912 elicubi
290 849 454 912 Bibliorum
469 849 607 931 exempla
622 850 787 925 variarunt,
801 850 882 913 aliud
898 852 1049 917 Hebraico
1064 852 1227 927 habebant,
1251 852 1333 915 aliud

20 938 191 1018 eptnnginta
199 938 397 1018 interpretes:
413 946 463 1001 est
475 939 585 1002 ubires
599 939 707 1020 gentis,
724 940 778 1002 sub
788 940 949 1005 Persarum
962 941 1124 1023 praecipue
1138 941 1333 1017 dominatum,

20 1026 150 1088 srvitutis
166 1027 333 1108 asperitate
349 1028 507 1109 neglectae
521 1029 553 1090 in
568 1029 695 1092 obscuro
711 1028 872 1105 latuerunt,
886 1030 937 1094 nbi
951 1030 1104 1111 iosephus
1118 1029 1168 1092 vei
1185 1029 1332 1093 communi

20 1135 93 1178 rrore
109 1116 213 1196 gentis
228 1116 276 1179 vei
291 1117 361 1197 quie
375 1118 461 1180 neias
474 1124 598 1198 pateret
613 1138 632 1180 a
646 1117 836 1180 sacerdotum
851 1119 1015 1183 traditione
1035 1119 1197 1182 dissentire
1212 1119 1331 1181 verita-

20 1224 54 1266 em
69 1204 151 1285 apud
161 1203 299 1267 Graecos
313 1205 469 1269 iuventam
477 1206 592 1269 eminus
606 1206 792 1287 praeterivit
815 1207 851 1270 In
866 1208 1002 1272 historiis
1016 1226 1089 1270 vero
1104 1208 1333 1283 recentioribus,
1445 1268 1446 1271 ,

20 1312 69 1355 uae
84 1312 197 1355 novum
206 1294 434 1357 Testamentum
448 1295 496 1358 vel
511 1303 743 1376 praecesserunt
757 1296 890 1376 proxime
899 1298 948 1361 vel
958 1297 1207 1378 complectuntur,
1222 1297 1332 1378 quibus

20 1389 61 1445 rat
75 1389 182 1444 aetate
195 1383 334 1463 propior,
357 1391 476 1447 tanturn
490 1384 559 1446 fidei
574 1392 706 1449 meretur
719 1390 862 1465 qnantum
882 1387 1037 1469 quisquam
1053 1386 1139 1449 elius.
1183 1385 1331 1467 Equidem

20 1471 58 1548 ius
80 1491 156 1552 opus
179 1472 217 1534 de
238 1471 319 1535 bello
338 1472 466 1536 ludaico
491 1473 722 1536 commentarius
743 1474 960 1554 quodammodo
983 1474 1081 1540 estin
1102 1474 1276 1555 Prophetas
1299 1482 1334 1536 et

20 1560 223 1641 :vangelistes3
248 1560 381 1643 adeoque
397 1563 441 1625 sic
456 1581 564 1625 censeo
581 1562 724 1642 singulari
739 1563 929 1645 providentis
942 1564 1002 1626 Dei
1024 1565 1154 1636 fectum,
1177 1572 1212 1626 nt
1233 1563 1263 1626 in
1279 1563 1331 1625 illo

20 1669 49 1711 uo
63 1669 155 1730 specu
165 1651 372 1726 subterraneo,
387 1669 454 1714 cum
464 1648 599 1714 omnibus
612 1651 708 1713 modis
724 1659 959 1715 consentaneum
974 1660 1067 1726 esset,
1083 1653 1249 1733 periturum
1264 1670 1331 1714 oum
1461 1678 1464 1683 2

20 1738 112 1812 eteris,
130 1739 377 1802 absurdissimum
391 1759 463 1803 vero
479 1759 653 1813 evasurum,
676 1740 787 1803 ceteris
802 1741 937 1805 omnibus
953 1741 1079 1815 enectis,
1102 1749 1206 1804 tamen
1222 1758 1338 1804 serve·-

20 1835 78 1889 etur
98 1827 129 1890 in
151 1827 231 1890 huno
253 1828 359 1903 finem,
381 1836 416 1891 ut
439 1829 504 1910 ipse
525 1829 712 1910 professione
733 1829 920 1905 iudaeus,a
949 1829 1182 1902 christianismo
1205 1830 1331 1903 alienus,

20 1916 151 1979 istoriam
164 1916 247 1990 belli,
263 1918 347 1999 cujus
363 1926 518 1998 spectator
528 1926 560 1980 et
573 1923 714 2001 patrator
722 1916 787 1992 fuit,
803 1918 1121 1987 bonoChristicuismi
1138 1918 1331 2001 quemodere
1348 1958 1351 1965 -

20 2005 112 2079 hdaei,
129 2005 324 2068 des'cnberet.
354 2015 501 2082 (orsoenos
514 2011 570 2078 22.)
1322 2050 1324 2060 ,

78 2094 176 2174 Hujus
182 2095 344 2176 'scriptoris
360 2104 391 2158 et
407 2095 627 2177 diligentissimi
643 2095 1000 2173 etRomenammrerum
1010 2096 1186 2178 peritissimi
1202 2094 1331 2158 historia

20 2203 63 2244 un
75 2184 165 2263 hodie
181 2184 435 2248 divinobeneficio
452 2186 596 2266 supersit:
612 2186 717 2247 mirum
727 2185 864 2267 equidem
873 2194 929 2261 est,
945 2203 1003 2268 quo
1013 2188 1077 2249 fato
1093 2187 1156 2262 tat,
1170 2183 1327 2249 utChrie·

20 2273 69 2335 iani
89 2273 225 2336 homines
243 2275 345 2355 potius
366 2274 410 2337 illi
424 2274 513 2336 fidem
528 2275 684 2355 derogent,
698 2294 756 2355 quo
771 2275 931 2338 rotundum
945 2276 1164 2357 Evangelistee
1177 2290 1331 2336 numerum

20 2363 120 2441 rigima
135 2382 281 2425 annornm
302 2363 397 2444 rigide
413 2367 570 2438 tueantur,
593 2364 676 2426 nulla
685 2360 812 2443 jubente
827 2364 1028 2439 necessitate,
1049 2358 1084 2427 ut
1105 2381 1195 2446 quam
1214 2381 1332 2426 omnem

20 2450 56 2512 ilis
68 2452 334 2531 remittitadjecte
348 2452 499 2533 particula
520 2454 657 2516 circiter:
677 2471 770 2535 quam
783 2459 819 2515 nt
833 2471 872 2515 ex
892 2452 951 2515 fide
965 2453 1093 2535 Josephi
1116 2453 1209 2516 etiem
1224 2451 1330 2514 Evan*

20 2539 170 2618 mistarum
185 2541 275 2603 iidem
295 2540 333 2603 de
349 2540 465 2605 Christi
480 2541 642 2604 nativitate
665 2541 858 2605 scribentium
873 2541 913 2604 ad
934 2549 1057 2605 exteros
1072 2540 1203 2623 gentiles
1226 2548 1259 2603 et
1271 2539 1330 2602 Ju-

20 2627 223 2710 laeosJosephi
239 2630 432 2714 contribules,
447 2631 553 2712 quibus
568 2639 670 2694 mmen
681 2630 854 2712 disputandi
870 2632 1072 2694 conditionem
1081 2630 1229 2704 deferunt,
1244 2630 1335 2693 lucu-·

20 2725 78 2780 euto
93 2726 125 2780 et
138 2719 320 2798 penetrabili
336 2727 512 2800 argumento
528 2720 745 2783 commendent
1000 2753 1002 2756 ·
1371 2782 1373 2787 .

80 2808 125 2869 Tu
139 2825 213 2869 vero
228 2807 326 2870 lector
341 2807 464 2872 Christo
481 2808 642 2872 deditesic
657 2817 757 2872 tecum
772 2814 908 2883 statuas,
930 2824 997 2869 oum
1010 2805 1229 2887 Evangelistae
1242 2805 1334 2867 Mat-z
1368 2890 1371 2895 ι

20 2893 103 2957 haeus
125 2903 157 2958 et
178 2895 280 2958 Lucae
301 2897 333 2959 in
355 2897 557 2978 descriptione
579 2898 750 2962 nativitatis
773 2896 888 2961 (lhristi
910 2895 1093 2959 mentionem
1114 2895 1229 2960 iaciant
1250 2894 1332 2975 regis

20 2984 131 3059 leode,
147 3003 183 3047 eo
198 2985 265 3066 ipso
281 2992 312 3048 te
329 2985 464 3066 ablegari
480 2987 701 3068 adJosephum,
715 2987 862 3050 historiae
876 2984 1008 3049 Herodis
1023 2985 1216 3048 vernaculum
1231 2984 1333 3065 scrip·

20 3091 105 3148 orem,
126 3074 224 3154 adque
247 3092 297 3136 res
312 3074 483 3151 Romanas,
505 3076 611 3158 quibus
627 3077 756 3158 scriptor
770 3076 830 3139 iste
844 3075 991 3140 Judeioas
1007 3074 1182 3148 connexuit;
1206 3073 1251 3135 uti
1267 3072 1332 3154 ejus

20 3160 150 3223 istoriam
172 3163 212 3224 ad
236 3164 357 3225 literam
377 3163 565 3228 intellectam
587 3165 694 3240 adeas,
716 3173 892 3247 tempusque
917 3164 1090 3227 nativitatis
1112 3161 1227 3227 Christi
1252 3163 1332 3226 inter

20 3267 90 3312 unos
104 3252 236 3314 Herodis
252 3270 395 3333 quaeres:
418 3260 603 3317 nectemere
617 3256 656 3318 ab
670 3255 723 3318 illo
737 3255 899 3330 desciscas,
919 3254 977 3317 nisi
993 3253 1088 3317 sicubi
1104 3251 1335 3314 evidentissima

20 3341 170 3403 eofferant
185 3348 366 3422 argumente
381 3342 560 3424 sphalmatis
577 3343 727 3424 scriptorii
742 3352 797 3406 ant
810 3344 915 3424 lapsus
930 3343 1108 3418 memoriae3
1129 3360 1188 3424 qua
1202 3342 1333 3404 hnmana

20 3428 161 3494 sumone
176 3430 277 3493 nullus
291 3449 422 3513 unquam
436 3431 521 3508 libor,
535 3432 634 3496 nullus
649 3433 780 3513 scriptor
794 3440 932 3496 exemtus
946 3432 1012 3495 init

549 3783 679 3903 Caput
693 3773 776 3860 VH.

41 3962 91 4027 De
103 3963 238 4030 dicam
250 3963 331 4027 ‘serena‘¹
340 3957 509 4047 principiis
523 3963 611 4116 opsebd
625 3962 775 4118 ambit
772 3910 950 4046 scriptores,
965 3922 1289 4046 mmmm'tcetimoeie'e
1386 3977 1388 3980 ⁴
1418 3942 1420 3945 ⁵

533 4071 574 4117 oo
594 4073 624 4116 ec
638 4072 716 4136 opos
776 4097 784 4115 .

77 4231 174 4312 Hujus
190 4248 308 4314 quoque
323 4231 433 4312 cepitis
454 4248 582 4311 magnus
604 4231 665 4294 erit
676 4249 765 4305 usus,
786 4229 845 4293 hoc
860 4230 938 4292 enim
961 4230 1045 4293 velut
1058 4229 1211 4292 Ariadnes
1226 4228 1277 4291 filo
1293 4244 1331 4290 ex

20 4318 94 4383 mltis
109 4321 367 4402 computationum
381 4319 564 4402 labyrinthis
578 4339 635 4383 noe
651 4319 874 4383 extricabimus.
917 4319 960 4382 Et
974 4319 1023 4382 hic
1038 4336 1154 4400 quoque
1170 4319 1235 4381 dies
1252 4316 1331 4379 diem

20 4407 106 4471 locuit:
129 4409 231 4472 monui
246 4409 482 4490 quaedem-ante
498 4424 594 4472 annos
610 4416 695 4483 octo;
711 4409 760 4472 hic
770 4410 850 4477 addo
867 4408 904 4471 de
920 4427 997 4472 novo
1014 4408 1151 4472 cautelas
1164 4425 1330 4489 pemeoes-

20 4499 98 4573 urias,
112 4507 185 4562 tnnc
201 4499 339 4561 omissas.

80 4585 146 4658 Quo
161 4596 300 4669 tempore
310 4586 553 4651 Christusnetus
568 4595 625 4662 est,
640 4585 797 4666 imperium
811 4586 907 4649 totius
922 4603 999 4674 pene
1014 4584 1097 4648 orbis
1110 4602 1205 4668 penes
1213 4583 1330 4647 Roma·

20 4691 54 4734 ros
70 4677 132 4740 init
174 4678 246 4740 Non
262 4683 363 4738 tamen
385 4677 522 4740 omnibus
542 4675 715 4738 nationibus
735 4676 891 4739 uniformis
913 4675 1015 4755 aliqua
1037 4673 1230 4756 computandi
1250 4671 1331 4737 ratio

20 4766 91 4838 ptuit
115 4766 240 4849 inponi
281 4764 354 4830 Dixi
378 4784 471 4850 supra
501 4766 539 4829 de
563 4765 692 4829 diversis
707 4765 891 4829 ‘numerandi
921 4763 1186 4829 consuetudinibus
1216 4763 1331 4845 eliquat
