3144 5474
188 248 254 318 272
794 271 930 335 ιιμωι

62 452 66 458 >
189 413 268 496 qnod
283 421 317 476 tu
332 413 421 477 facile
438 413 595 488 concedes,
611 413 660 494 qui
677 413 715 475 ad
730 434 840 476 annum
856 427 946 478 aerae
961 415 1169 497 Dionysianae
1185 414 1237 477 28.
1259 409 1327 496 (qui
1343 422 1407 487 est,
1427 422 1457 476 ιι
1468 433 1510 494 rgo
1569 425 1570 431 ’

165 504 166 507 ’
188 504 371 577 demonstro,
387 504 426 566 ab
442 501 641 583 hypothetica
654 502 794 584 Dionysii
808 505 972 567 nativitate
989 504 1104 568 Christi
1121 498 1187 584 27.)
1203 512 1338 566 annotas
1354 504 1514 584 baptismum

190 591 316 666 Christi,
331 611 391 653 uon
406 611 479 653 vero
495 599 529 653 ut
542 586 654 654 Patres
669 600 789 654 veteres
805 594 844 656 ad
859 588 1066 657 tricesimum.¹

274 681 393 744 Deinde
411 681 436 742 si
453 681 583 743 ecclesia
606 700 643 742 ex
660 700 695 742 eo
712 682 888 756 offenditur,
911 682 991 764 qnod
1006 683 1096 746 aliter
1119 700 1175 763 ego
1191 683 1353 745 considero
1377 682 1515 744 rotundum

189 770 408 851 Evangelistae
424 788 578 831 numerum
592 770 635 832 30
646 790 799 848 annorum,
815 791 904 853 quam
919 780 1040 834 veteres
1055 773 1176 846 Patres,
1192 772 1277 834 lubet
1291 772 1367 840 mihi
1383 790 1516 852 quaerere,

187 858 335 940 quomodo
356 877 460 920 rursus
475 858 640 940 Dionysius
654 860 762 923 Abbas
785 868 817 922 et
832 867 917 924 totus
932 860 1009 926 adeo
1033 861 1173 923 occidens
1195 860 1236 922 ad
1250 861 1331 923 hanc
1346 879 1442 943 usque
1454 860 1517 922 deu

188 948 377 1012 intellexerit
399 947 481 1009 illum
503 949 676 1009 numerum?
713 949 782 1034 Non
805 958 888 1012 certe
908 957 943 1012 ut
963 950 1075 1013 Patres
1098 957 1233 1013 veteres:
1262 950 1309 1012 illi
1331 950 1427 1024 euim,
1447 959 1477 1011 ιι
1492 959 1518 1011 ιι

191 1036 359 1111 contendis,
374 1031 512 1118 praecise
528 1037 571 1100 30
587 1057 683 1101 ιιιοι
698 1047 902 1113 numerarunt,
913 1039 1082 1120 nDionysius
1096 1034 1182 1102 solos
1195 1035 1237 1101 27
1239 1085 1260 1100 .*

275 1125 377 1188 Lubet
396 1126 527 1189 secundo
551 1146 695 1208 quaerere
718 1146 756 1189 ex
778 1135 810 1189 te
826 1126 956 1202 Calvisi,
977 1148 1037 1210 qua
1058 1129 1089 1190 iu
1111 1136 1200 1210 parte
1221 1135 1276 1192 tua
1293 1128 1347 1191 hic
1370 1128 1472 1190 melior
1487 1127 1518 1188 sit

189 1215 322 1278 conditio
339 1235 429 1297 quam
437 1234 520 1277 mea:
538 1235 595 1297 quo
606 1216 703 1278 minus
713 1223 746 1278 ιι
757 1217 916 1279 ecclesiam
931 1217 1091 1298 perturbes
1102 1236 1197 1297 aeque
1206 1225 1299 1298 atque
1316 1218 1396 1297 ego?
1420 1214 1518 1287 Quan-

99 1310 103 1326 '
186 1305 233 1367 vis
249 1303 328 1367 euim
342 1305 465 1386 propius
481 1306 611 1367 accedas
627 1306 834 1377 adnumerum
849 1326 1002 1382 annorum,
1018 1325 1105 1388 quem
1114 1308 1225 1369 Patres
1235 1315 1309 1369 suut
1324 1307 1518 1391 secutiuqmrn

188 1394 237 1456 vel
247 1394 414 1474 Dionysius
430 1414 495 1457 oum
511 1393 649 1456 ecelesiis
665 1395 830 1458 occidentis
844 1397 893 1457 vel
910 1414 981 1477 ego:
998 1396 1045 1458 dic
1055 1403 1158 1458 tamen
1168 1386 1216 1457 vel
1230 1415 1323 1478 nuum
1333 1416 1374 1457 ex
1383 1395 1518 1466 Patribus,

186 1483 236 1565 qui
250 1484 345 1546 verba
359 1483 578 1564 Evangelistae
594 1483 638 1546 sie
653 1484 867 1565 explicaverit,
888 1493 923 1547 ut
937 1485 1027 1548 hodie
1044 1493 1077 1547 tu
1093 1492 1125 1546 et
1139 1485 1204 1547 heri
1221 1484 1380 1565 Scaliger,
1403 1485 1440 1546 de
1454 1503 1518 1545 anuo

187 1573 305 1635 scilieet
320 1573 372 1635 31.
387 1571 571 1654 incipiente?
594 1572 687 1636 Ratio
704 1574 795 1654 igitur
811 1581 864 1636 tua
879 1574 916 1636 de
931 1575 1058 1637 Petrum
1074 1574 1258 1639 auctoritate
1273 1574 1361 1636 nulla
1376 1582 1434 1635 est

275 1660 364 1732 Quod
379 1661 472 1742 igitur
487 1662 601 1725 attinet
614 1662 682 1742 ipsa
697 1663 790 1726 verba
798 1662 967 1744 Evangelii,
983 1655 1043 1725 viru
1058 1663 1130 1726 mihi
1140 1665 1217 1726 iacis
1230 1663 1440 1726 manifestam:
1459 1661 1518 1724 nihl

187 1771 244 1833 ego
268 1759 374 1813 contra
397 1752 491 1814 verba
514 1770 659 1832 expressa
680 1751 839 1832 Evangelii
862 1752 1025 1827 affirmavi3
1058 1771 1123 1814 ιιι
1139 1753 1200 1814 alia
1220 1772 1253 1816 re
1273 1771 1351 1833 opus
1376 1760 1426 1814 cst
1445 1770 1518 1832 quau

61 1916 64 1918 ‚
187 1841 359 1904 collatione.
405 1839 458 1903 Sic
474 1840 554 1903 enim
568 1841 684 1904 Lucas:
708 1864 754 1902 και
769 1837 912 1917 adrectis
928 1836 944 1902 ὁ
958 1839 1067 1919 Ἰησους
1086 1837 1155 1903 dcet
1176 1840 1249 1904 ιἰωι
1269 1863 1431 1922 scampno
1445 1838 1517 1922 dpgo·

186 1953 273 2008 μιιις
288 1928 331 1991 oo'o
346 1923 387 1999 cic
402 1923 550 2006 ιἰομιζιιο
566 1927 754 2009 υὲιςιωσηφ.
784 1931 836 1993 Ad
851 1931 975 1992 verbum
990 1949 1029 1991 ex
1043 1931 1079 1994 B:
1094 1925 1187 1993 Aria:
1217 1944 1258 1998 Er
1283 1946 1344 2013 ipae
1372 1939 1434 1997 arar
1453 1942 1518 1996 Jove
1569 1958 1571 1968 ⁴

186 2033 269 2102 quasi
288 2047 424 2084 amorum
444 2034 558 2102 atficta
576 2033 717 2101 incipiam,
736 2032 863 2094 ιιίιιιιι,
882 2033 1089 2102 ιιριιαιαιιι,
1107 2031 1187 2100 filiae
1206 2030 1317 2101 Jorepl.
1365 2021 1516 2082 Matrem
1569 2017 1571 2069 ἕ

186 2107 330 2171 assertio:
353 2107 401 2170 Et
414 2109 483 2190 ipae
497 2116 566 2171 crat
579 2108 675 2169 Jervra
689 2115 834 2170 accurate
849 2110 980 2190 adpicta
994 2111 1089 2172 mem
1104 2129 1266 2179 ιιιιιιιι,
1288 2110 1452 2190 incipiens,
1471 2128 1515 2170 aa·

185 2199 297 2270 iem,
318 2204 355 2258 a:
365 2199 551 2279 putabatur,
566 2197 658 2278 filies
672 2195 798 2277 Joaqao.
841 2200 932 2261 Anne
948 2198 1103 2265 contraria
1117 2205 1202 2260 sunt:
1225 2200 1321 2278 prosi
1340 2196 1392 2261 cel
1408 2199 1517 2261 esem

184 2288 331 2368 triginta,
355 2295 400 2349 et:
431 2293 576 2350 aeaeae
597 2286 726 2368 arpina
747 2286 864 2349 Mum?
899 2288 989 2350 Anne
1004 2288 1062 2350 hoc
1078 2294 1127 2349 ιιι
1141 2306 1251 2349 novam
1272 2289 1458 2350 sententiam
1470 2287 1515 2349 ιι·

185 2376 277 2456 gere?
299 2375 499 2456 Evangelium
513 2382 702 2457 pervertere,
725 2375 976 2456 siErangelistae
997 2377 1101 2439 verba
1108 2396 1164 2439 sua
1178 2376 1330 2457 relinquo,
1349 2378 1399 2439 uti
1414 2382 1515 2448 sonant

183 2464 392 2528 utiordiuata
414 2472 501 2540 suut,
522 2465 549 2527 si
570 2483 638 2529 mea
652 2464 745 2527 verba
766 2465 827 2527 illis
843 2465 1021 2540 subordino,
1043 2465 1122 2527 sica
1144 2484 1335 2547 nequaquam
1355 2486 1413 2547 pro
1427 2467 1514 2528 Evau-

184 2553 313 2636 gelistae
328 2553 430 2616 verbis
445 2555 578 2630 vendito,
594 2554 620 2616 si
636 2554 772 2628 ostendo,
787 2562 915 2637 utraque
925 2555 1017 2635 juxta
1033 2573 1065 2618 se
1080 2554 1207 2617 invicem
1224 2562 1309 2617 stare
1324 2557 1437 2636 posse?

270 2643 417 2725 Equidem
433 2644 546 2719 iateor,
569 2663 629 2707 uon
648 2661 815 2724 repugnare
838 2644 894 2706 tibi
913 2643 1157 2724 Evangelistam‚
1180 2643 1231 2725 qui
1243 2663 1348 2707 ,anuos
1366 2652 1471 2707 exacte
1482 2644 1515 2706 30

185 2732 308 2801 Christo
324 2732 486 2814 baptisato
509 2733 632 2796 tribuis:
656 2733 813 2795 dnmmodo
836 2733 968 2796 vicissim
991 2735 1124 2807 fateare,
1146 2752 1242 2815 neque
1264 2734 1339 2795 mihi
1361 2751 1515 2816 repugnare
1562 2770 1566 2777 ·

91 2888 94 2897 ,
184 2823 307 2897 Lucam,
323 2822 373 2903 qui
387 2842 484 2885 anuos
501 2821 624 2890 Christo
641 2822 864 2895 tribuovexacte
880 2823 932 2885 33.
963 2824 1033 2885 Νιι
1049 2822 1127 2885 enim
1143 2823 1203 2901 hoc
1216 2822 1350 2903 agimus,
1373 2833 1411 2886 ut
1424 2824 1517 2905 probet
1570 2856 1572 2867 ‹

184 2913 333 2976 alteruter
349 2911 533 2975 sententiam
552 2931 638 2975 suem
659 2931 698 2973 ex
711 2910 747 2974 B.
761 2910 860 2973 Luca:
884 2912 939 2973 scd
955 2912 1082 2986 sufficit,
1102 2918 1138 2973 ut
1152 2912 1315 2992 probemus
1330 2920 1466 2996 uterque,
1483 2912 1516 2973 sic
1564 2973 1566 2976 a

61 3037 63 3039 ·
185 3022 240 3065 uos
256 3001 395 3064 ordinare
417 3001 552 3064 rationes
568 3000 767 3081 temporarias
790 3019 829 3062 ex
850 3000 1004 3063 historicis
1025 3000 1155 3082 petitas,
1176 3007 1211 3062 ut
1225 3001 1300 3063 nihil
1321 3002 1412 3065 nobis
1433 3008 1517 3072 exest
1564 3022 1566 3025 ’

184 3091 264 3176 quod
279 3091 321 3153 sit
336 3091 488 3171 expressis
510 3090 611 3153 verbis
625 3090 727 3152 Lucae
745 3089 938 3153 contrarium
984 3087 1073 3161 Quod
1096 3097 1197 3152 autem
1212 3090 1286 3153 mihi
1302 3111 1367 3174 ιιι
1383 3098 1518 3173 repugnet

185 3199 332 3261 expressa
346 3179 564 3260 Evangeliatae
580 3179 679 3253 litera,
701 3178 754 3243 aed
776 3179 856 3260 quod
876 3179 1032 3241 indefinite
1054 3179 1096 3241 sit
1111 3178 1287 3260 accipienda
1304 3180 1342 3242 de
1359 3182 1449 3244 aruris
1463 3182 1518 3262 plus

184 3269 282 3332 miuus
298 3269 350 3343 30,
364 3268 396 3331 id
411 3288 482 3330 vero
491 3264 624 3349 ‘probavi
639 3266 805 3331 rationibus
819 3268 912 3331 hisce.
1014 3318 1019 3324 .

272 3357 373 3421 Primo
387 3358 424 3421 B.
438 3357 539 3431 Lucas
554 3357 586 3420 in
599 3357 728 3420 historia
743 3356 915 3427 nativitatis
927 3356 1042 3421 Christi
1058 3356 1160 3419 omisit
1174 3365 1290 3420 certum
1306 3379 1421 3423 aunum
1434 3360 1518 3440 impe·

184 3446 222 3512 rii
236 3447 367 3512 Herodis
383 3455 416 3510 et
429 3447 577 3528 Augusti:
600 3446 631 3509 in
653 3446 781 3509 historia
794 3466 866 3509 vero
881 3446 1026 3532 baptismi
1048 3446 1135 3519 addit
1149 3454 1265 3509 certum
1281 3467 1396 3511 aunum
1411 3448 1520 3520 Tiberi,

185 3557 226 3601 sc.
245 3537 303 3612 lo,
325 3555 384 3599 nou
401 3529 637 3619 circumscripsit
655 3535 746 3617 igitur
761 3543 896 3600 aetatem
912 3535 1027 3600 Christi
1049 3542 1175 3616 utroque
1197 3538 1328 3599 termino
1347 3538 1520 3610 indubiam

144 3695 146 3699 ,
185 3627 240 3691 aed
259 3627 391 3710 priorem
418 3627 540 3708 reliquit
562 3627 594 3688 iu
620 3625 762 3689 nonnulla
783 3626 978 3707 pauculorum
1007 3640 1152 3687 annorum
1176 3625 1413 3691 incertitudine:
1438 3645 1519 3711 quare

132 3763 134 3769 a
183 3716 343 3780 verisimile
360 3722 422 3790 ιιι,
446 3717 591 3778 articulos
613 3723 780 3796 tempomm
801 3716 851 3777 vel
866 3734 926 3777 non
948 3715 1042 3778 fuisse
1057 3714 1207 3780 indicatos
1229 3716 1300 3779 aB.
1315 3718 1520 3781 Mariamatrc

184 3805 308 3881 Christi,
323 3806 372 3869 vel
388 3805 529 3890 scriptori
545 3824 634 3868 curae
650 3804 820 3867 nonfuisee.
845 3803 922 3868 Cum
937 3823 1009 3884 ergo
1026 3803 1149 3878 scribat,
1165 3803 1322 3870 Christum
1336 3807 1369 3869 iu
1378 3807 1520 3889 baptismo

115 3976 118 3979 ¹
184 3896 277 3960 luisse
293 3896 381 3978 quasi
395 3895 437 3958 30
448 3913 602 3968 aunomm
620 3895 738 3957 omuino
754 3893 895 3956 credibile
911 3900 968 3968 est,
984 3912 1088 3955 vocem
1104 3895 1196 3974 ιιιαιί
1210 3897 1396 3959 tantundem
1411 3915 1520 3959 esseae

181 3982 255 4068 plus
267 3986 390 4057 ιιιιιις
412 3985 458 4048 ita
472 3992 507 4047 ut
521 3985 598 4047 haee
613 3991 700 4047 aetas
716 3983 810 4046 salvia
824 3983 1044 4064 Evangelistae
1060 3983 1332 4063 expressisverbis
1347 3987 1399 4048 vel
1415 3982 1456 4049 2⁷
1467 4005 1520 4047 aa·

183 4095 288 4139 nomm
302 4074 439 4157 praecise
455 4093 524 4137 esre
539 4074 652 4154 possit,
673 4080 709 4136 ut
730 4073 846 4136 auctori
860 4080 985 4151 nostrae
1000 4091 1091 4135 aerae
1107 4072 1270 4136 hodiernae
1286 4073 1420 4154 placuit,
1441 4093 1519 4158 quan

55 4179 59 4196 ‘
182 4165 331 4228 hactenus
352 4171 421 4227 tota
443 4163 610 4226 occidentis
633 4163 763 4226 ecclesio
786 4170 891 4225 secuta
915 4170 980 4238 est,
1009 4161 1059 4224 vel
1079 4162 1217 4242 praecise
1241 4163 1301 4238 30,
1324 4170 1361 4225 ut
1387 4156 1518 4236 Calvisio,

182 4255 231 4317 vel
245 4255 382 4336 praecise
398 4255 450 4328 32,
464 4260 500 4315 ιι
515 4251 665 4335 Suslygae
682 4260 714 4316 et
728 4252 901 4328 Maestlino,
915 4253 964 4315 vel
979 4251 1117 4333 praecise
1132 4252 1184 4326 33,
1199 4258 1236 4313 ut
1250 4253 1415 4335 Kepplero

275 4342 356 4415 Quid
376 4351 411 4406 tu
433 4344 472 4405 ad
494 4343 573 4405 hauc
595 4342 819 4423 conjecturam?
860 4342 982 4405 Fateris
1006 4340 1121 4403 Lucam
1145 4360 1206 4404 nou
1229 4343 1363 4409 uoluisse
1388 4338 1515 4426 persequi

182 4434 298 4496 minuta
312 4433 424 4496 mensis
447 4439 482 4495 et
495 4431 554 4495 diei
570 4439 688 4506 certae,
711 4431 845 4514 quamvis
860 4431 957 4514 Virgo
978 4437 1078 4493 mater
1091 4430 1160 4493 Deo
1181 4431 1275 4512 plena
1295 4433 1398 4497 omnia
1418 4438 1512 4496 exacte

182 4523 313 4585 sciverit
360 4520 502 4585 Gratiam
516 4521 612 4584 iniisti
626 4540 720 4602 penes
734 4539 782 4583 me
798 4521 986 4584 confessione
1002 4520 1142 4601 ingenua
1171 4521 1252 4583 Nam
1268 4521 1294 4584 si
1310 4523 1372 4586 vim
1386 4519 1510 4604 agnoscb

181 4612 347 4692 particulae
364 4612 487 4675 nator
508 4618 541 4674 ιι
556 4610 583 4673 ai
597 4611 655 4673 hac
678 4611 775 4673 iudice
792 4611 829 4673 de
845 4610 1002 4691 superfluis
1025 4617 1058 4672 ιι
1073 4609 1282 4674 ιιιιιιιιὶιιι
1298 4613 1447 4676 mensibus
1460 4626 1506 4672 ιιι

182 4702 300 4764 curavit
313 4702 352 4763 D.
366 4700 483 4776 Lucas,
501 4699 629 4782 jannem
651 4699 781 4780 euspicio
804 4699 944 4763 stabilita
967 4706 1030 4773 est,
1051 4705 1087 4761 ut
1101 4718 1140 4762 ιι
1155 4699 1275 4781 quidem
1298 4701 1337 4765 de
1355 4722 1413 4765 nno
1430 4707 1502 4779 arque

182 4789 279 4853 altero
295 4807 374 4853 anuo
390 4806 481 4871 supra
496 4790 544 4852 vel
559 4789 639 4852 iufra
653 4789 859 4863 tricenarium,
880 4789 1042 4851 rotundum
1063 4806 1232 4864 nnmerum,
1254 4789 1412 4874 quidquam
1429 4805 1499 4850 cura·
