3142 5482
218 218 283 279 550
787 214 872 265 Prima
889 215 958 265 Pars.

257 394 263 403 ‘
306 388 387 453 Cum
408 387 501 470 igitur
524 387 610 453 dolia
630 387 753 452 vinaria
774 387 912 467 circulo‚‘
928 408 1008 454 cono
1030 391 1062 451 et
1085 385 1238 470 cylindro,
1272 383 1384 467 figuris
1405 385 1506 468 regule
1564 415 1569 453 ι

213 476 316 567 qubus,
346 476 553 561 participent,
588 481 667 560 apta
701 480 777 540 sunt
809 476 962 543 hactenus
996 476 1038 541 ad
1070 476 1282 558 geometricas
1316 473 1509 555 dimensiones,
1555 485 1569 528 a

217 587 355 647 quarum
376 564 533 649 principia
553 585 671 648 operae
697 564 837 647 pretium
858 570 906 631 est
926 567 959 630 in
989 562 1145 630 vestibulo
1174 563 1274 647 hujus
1305 563 1510 646 speculationis
1556 567 1560 622 ξ

218 654 388 733 collocare,
411 659 448 717 ut
461 653 518 718 illa
534 650 575 717 ab
589 651 775 723 Archimede
790 659 864 717 sunt
878 655 1083 735 investigata,
1107 659 1267 735 quantum
1289 651 1419 733 quidem
1438 652 1511 734 hujus
1568 684 1569 687 ¹

219 742 261 806 ad
284 741 525 807 oblectationem
551 741 648 806 animi
675 743 881 824 geometriam
911 743 1046 807 amantis
1076 741 1229 806 sufficiet:
1261 738 1429 804 absolutae
1448 741 1513 803 eruin

88 878 91 897 .
214 837 252 894 et
273 829 582 895 omnibusnumeris
610 829 771 914 perfectae
802 829 1088 902 demonstrationes
1116 830 1276 913 petendae
1297 835 1377 892 suut
1398 849 1435 892 ex
1454 829 1512 909 ipsis

219 915 335 983 libellis
357 917 584 998 Archimedeis,
608 918 723 1002 siquis
745 937 766 982 a
788 919 918 1001 spinosa
938 919 1075 989 lectione
1098 939 1208 984 eorum
1231 939 1298 980 nou
1322 915 1512 980 abhorruerit.

306 1007 552 1075 Liceattunen
580 1006 613 1071 in
637 1006 827 1089 quibusdam
848 1007 944 1086 locis,
979 1028 1062 1090 quae
1093 1029 1157 1071 nou
1187 1006 1297 1088 attigit
1321 1004 1511 1078 Arclrimedea

219 1095 361 1248 nffiruihil
382 1095 557 1177 morari,
587 1095 804 1161 utiuvenia'nt
826 1101 859 1161 et
885 1096 1051 1175 doctiores,
1083 1094 1201 1180 quibus
1229 1100 1385 1181 juventur
1405 1113 1512 1175 seseque
1562 1110 1563 1132 ³

219 1205 238 1249 o
274 1189 387 1250 ectent.

769 1381 979 1392 —-———

542 1556 556 1651 ’.
636 1576 637 1579 ‘
703 1566 872 1669 lrrum
898 1593 1013 1662 nans.

445 1736 685 1815 curvorum
710 1734 980 1828 Regulamum
1006 1724 1318 1814 stereometria.

764 1913 940 1979 Theorema
962 1911 989 1977 Ι.
1118 1905 1139 1968 0
1564 1891 1568 1971 Ι

307 2042 467 2140 Principio
500 2054 728 2140 requirebatur
746 2033 909 2140 'comite
935 2055 1151 2141 proportionis
1187 2049 1517 2122 circumferentiasud
1565 2078 1566 2089 2

221 2144 423 2212 diametrum.
468 2146 511 2210 Et
532 2145 882 2257 docuit'Arcbimedes:
1173 2160 1175 2164 ·

222 2285 389 2353 Rationem
418 2288 689 2370 circumferentiae
714 2288 759 2353 cd
780 2288 970 2354 diametrum
1000 2308 1065 2354 csse
1090 2289 1240 2368 proxime
1270 2307 1360 2367 curre,
1394 2306 1466 2369 qaae
1486 2287 1520 2347 est

723 2377 847 2443 eramala·
868 2384 919 2444 22
942 2378 985 2442 ad
1005 2384 1035 2444 7.
1173 2391 1176 2398 '

118 2490 121 2500 ’
182 2521 187 2528 ·
308 2500 359 2567 Ad
380 2500 441 2568 hoc
463 2500 746 2568 demonstrandum
760 2524 836 2569 usus
853 2509 902 2569 est
917 2503 1026 2585 figuris
1041 2501 1159 2568 circulo
1180 2500 1351 2584 inscriptis
1368 2507 1400 2565 et
1414 2501 1521 2566 mcum·
1568 2535 1569 2548 κ

220 2589 365 2673 scriptis3
388 2612 472 2674 quae
487 2613 560 2663 cum
575 2593 639 2656 sint
657 2591 808 2674 infinitae,
831 2613 889 2659 nos
904 2592 1068 2659 facilitatis
1090 2612 1186 2670 causa
1201 2591 1339 2655 utemur
1362 2585 1521 2670 sexanprla
1568 2624 1569 2630 κ

618 2681 665 2747 Sit
696 2682 780 2746 enim
807 2683 841 2746 in
870 2681 990 2751 circqu
1021 2680 1101 2746 CBD
1138 2678 1293 2761 regulare
1328 2677 1521 2760 sexangulum

614 2770 704 2853 cujus
727 2769 967 2854 argentei),
992 2770 1032 2848 B,
1056 2768 1143 2834 latus
1165 2767 1240 2846 DB,
1267 2776 1302 2833 et
1326 2773 1460 2850 tangant
1479 2764 1524 2825 cir·

614 2859 722 2927 culum
743 2857 827 2944 duae
849 2865 956 2923 rectae
978 2859 1011 2923 in
1034 2859 1062 2923 D
1085 2864 1119 2922 et
1140 2858 1166 2922 B
1189 2863 1378 2939 coeantque
1400 2855 1439 2919 ad
1458 2870 1523 2917 conr

613 2967 743 3012 munem
772 2948 943 3012 sectionem
965 2948 1024 3012 F:-
1041 2952 1074 3011 et
1095 2953 1242 3030 centrum
1267 2948 1296 3011 Α
1329 2966 1404 3008 eum
1424 2944 1448 3008 F
1468 2962 1523 3004 ωε·

552 3082 570 3128 ,
613 3042 763 3100 nectatur
788 3036 875 3105 linea
890 3038 959 3116 ΑΕ,
990 3032 1074 3119 quae
1099 3039 1187 3100 secet
1215 3041 1346 3098 rectam
1369 3033 1424 3097 DB
1448 3027 1522 3102 int,

613 3144 727 3189 arcum
748 3125 803 3190 ΕΒ
826 3127 859 3190 in
882 3124 919 3188 Ε.
967 3124 1045 3190 Cum
1074 3123 1172 3205 igitur
1194 3122 1283 3186 DGB
1311 3123 1357 3186 sit
1384 3115 1524 3194 recta,il

614 3218 663 3277 est
683 3211 798 3278 ductus
822 3215 885 3279 aD
906 3211 979 3278 inB
1002 3212 1212 3290 brevissimus,
1237 3211 1327 3275 DEB
1344 3231 1418 3275 vero
1438 3227 1523 3282 arcus

355 3360 466 3388 ,-
597 3300 648 3364 id
670 3307 719 3366 est
741 3302 856 3368 ductus
879 3323 900 3366 a
921 3304 949 3367 D
972 3302 1007 3366 in
1028 3302 1054 3366 B
1082 3323 1146 3366 non
1168 3299 1395 3376 brevissimus,
1422 3297 1524 3377 langiu

376 3438 377 3441 η
498 3426 502 3439 =
616 3390 714 3472 igitur
737 3396 787 3455 est
808 3390 902 3470 DEB,
927 3411 1023 3474 quam
1045 3389 1141 3457 DGB.
1176 3391 1339 3454 Ecoutra
1363 3409 1433 3451 cum
1453 3391 1524 3447 recta

223 3479 276 3545 BF
302 3485 415 3564 tangat
446 3479 615 3559 circulum,
653 3500 761 3564 omues
789 3481 888 3562 igitur
918 3485 1026 3563 partes
1058 3499 1151 3542 arcura
1180 3478 1236 3543 ΕΒ
1267 3484 1347 3541 sunt
1377 3477 1460 3541 intra
1483 3472 1523 3535 FB

222 3589 341 3634 uersus,
354 3570 427 3635 GB:
458 3570 572 3652 quodsi
598 3569 651 3635 ΕΒ
677 3574 765 3649 esset
780 3574 894 3647 recta,
926 3569 1053 3633 omnino
1077 3566 1202 3638 brevior
1226 3572 1330 3642 esset,
1363 3586 1456 3648 quam
1475 3559 1523 3624 FB.

221 3657 305 3724 Nam
318 3659 411 3738 ΑΕΒ,
434 3657 460 3722 F
462 3658 516 3723 ΕΒ
540 3658 649 3741 auguli
671 3652 747 3722 sunt
769 3657 1023 3810 aeqmii'qiem
1045 3661 1140 3735 recto,
1165 3676 1238 3720 cum
1255 3654 1310 3720 EF
1312 3655 1339 3720 B
1363 3655 1523 3724 sitacutus,

223 3767 299 3830 ergo
321 3748 375 3813 ΕΒ
405 3747 556 3815 subteneo
586 3745 701 3831 minori
730 3746 846 3829 angulo
932 3747 958 3810 B
988 3745 1090 3810 minor
1120 3750 1170 3808 est
1199 3765 1300 3826 quam
1327 3743 1397 3818 ΕΒ,
1427 3740 1524 3824 quippe

222 3857 305 3917 quae
327 3835 442 3921 majori
463 3843 510 3901 est
532 3834 694 3902 subtensa.
729 3835 820 3900 Licet
836 3841 944 3900 antem
966 3832 1186 3917 argumentari
1205 3833 1246 3896 de
1262 3832 1317 3897 ΕΒ
1336 3839 1376 3896 ut
1389 3832 1428 3902 de
1445 3835 1523 3897 recu,

222 3925 299 4006 quia
320 3926 366 3990 ris
379 3925 666 3990 ,demonstrationis
692 3930 781 3988 secat
810 3924 962 3994 circulum
984 3924 1016 3987 in
1039 3941 1133 3987 arcus
1159 3920 1331 4000 minimos,
1361 3921 1416 4004 qui
1436 3913 1524 3998 sequi·

221 4020 380 4094 parantur
402 4015 509 4079 rectis.
555 4013 747 4096 Quanquam
768 4014 922 4092 interea,
945 4010 1211 4096 quaevcommuni
1233 4030 1333 4074 sensu
1360 4016 1435 4074 sunt
1454 4013 1522 4100 uota

222 4102 319 4186 recipi
342 4109 468 4184 potest,¹
481 4123 593 4167 arcum
615 4103 708 4179 ΒΕΒ,
732 4103 819 4166 intra
840 4099 1154 4182 triangulum·DBF-‚
1178 4099 1340 4163 minorem
1368 4119 1434 4163 esse
1453 4094 1524 4159 lmen

220 4191 286 4270 DF,
310 4191 372 4270 ΕΒ,
396 4191 516 4275 quippe
539 4192 595 4275 qui
609 4211 681 4255 cum
695 4190 846 4255 flectatur
867 4211 979 4256 versus
1000 4189 1154 4270 angulum
1171 4187 1266 4265 ΒΕΒ,
1291 4188 1416 4253 nullam
1436 4193 1524 4250 umen

221 4279 413 4363 particulam
442 4281 541 4359 habet
567 4285 659 4344 extra
688 4281 789 4344 lineas
816 4279 882 4359 ΒΕ,
905 4277 975 4342 ΕΒ;
1005 4276 1278 4359 comprehendens
1309 4284 1419 4340 autern
1445 4287 1523 4336 must

222 4369 386 4435 communi.
401 4374 502 4455 maJus
531 4375 580 4434 est
607 4367 844 4452 comprehenso.
890 4368 989 4434 Secus
1011 4367 1158 4446 heberet,
1188 4366 1215 4430 si
1238 4387 1334 4431 arcus
1358 4364 1438 4431 DEB
1457 4362 1524 4424 caet

221 4455 307 4522 linea
328 4457 470 4523 flexuosa
492 4463 524 4523 et
546 4456 741 4523 inordinata.
780 4511 781 4516 ,

311 4545 391 4611 (lum
411 4547 506 4630 igitur
526 4547 582 4612 DB
598 4543 655 4612 'sit
675 4546 762 4611 latus
789 4544 934 4628 inscripti
962 4541 1127 4624 sexanguli
1150 4549 1184 4608 et
1206 4542 1274 4623 ΒΕ,
1298 4544 1354 4609 ΕΒ
1377 4543 1437 4606 sint
1456 4538 1523 4601 dua

222 4635 662 4718 medietatescircumscripti
689 4635 871 4716 sexanguli‚
897 4654 999 4698 arcus
1015 4625 1095 4698 DBB
1118 4632 1180 4698 erit
1203 4628 1317 4698 circuli
1340 4653 1415 4718 pars
1434 4632 1520 4695 serbi

222 4730 323 4812 meq'or
344 4746 422 4792 uero.
440 4731 511 4797 erat
532 4745 630 4810 quam
652 4724 718 4805 DB,
742 4724 1045 4807 numquamne,
1068 4720 1129 4801 FB,
1160 4743 1218 4788 sex
1239 4723 1340 4808 igitur
1363 4721 1460 4786 bueus
1478 4713 1520 4779 BB
