3142 5476
260 259 322 331 tul
731 278 833 345 uepres
844 279 929 330 suus
941 278 1118 345 chonologica

219 464 221 467 -
257 424 377 499 Media,
404 424 454 487 hio
476 424 507 486 in
529 421 643 504 Lydia,
671 421 774 502 utique
797 422 897 484 deleto
919 421 1088 503 Assyriaoo
1110 430 1144 484 et
1163 420 1344 502 posteritate
1368 420 1522 486 Sennaohe

255 515 334 578 Nam
356 512 448 575 etiam
468 512 598 593 Assyria
627 529 665 572 ex
683 511 743 573 hoo
766 518 900 592 tempore
921 510 1076 573 invenitur
1097 510 1252 592 adscripta
1275 510 1398 591 regibus
1418 511 1522 592 Babyl

254 603 415 669 Manasses
431 601 496 680 jam
512 595 593 663 solus
609 598 672 661 sine
687 607 774 680 patre
791 600 908 679 collega
922 599 990 663 Rex
1004 599 1112 674 Judae,
1128 600 1226 662 factus
1240 599 1434 673 insolentior,
1458 601 1513 662 sub

254 693 333 754 forte
348 689 559 771 Aporonadico
569 688 756 769 Babylonem
771 688 889 751 ducitur
904 696 975 769 capt
962 689 1050 750 t.irus
1080 689 1129 751 Ita
1144 687 1257 751 mansit
1269 708 1331 769 pax
1345 690 1376 751 in
1392 688 1522 752 diebusl

255 780 348 843 chiae
378 777 480 841 Hine
467 796 532 857 Jam
546 777 706 859 Babylonii
719 785 867 857 usurpant
882 777 1002 840 titulum
1016 795 1102 857 regnu
1093 777 1311 859 Assyriorum,
1327 778 1407 839 sicut
1422 778 1479 841 sub
1495 785 1522 840 et

253 867 421 950 Assyriaca
435 866 538 948 Reges
552 866 624 929 Nini
640 866 759 928 titulum
774 867 961 953 usurpabant
975 866 1149 948 Babylonis.
1178 867 1248 929 Non
1263 867 1400 929 fecerunt
1414 867 1476 928 hoc
1489 865 1522 929 lo

149 1018 151 1023 ,
252 957 373 1020 Mediae
395 956 453 1017 huo
467 975 562 1039 usque
578 955 703 1036 quidem.
742 952 822 1026 Quid
837 956 918 1018 aliud
934 942 1003 1017 inde
1020 956 1172 1036 colligitur
1194 975 1283 1036 quam
1302 957 1376 1030 hoc,
1398 956 1482 1017 duas
1500 955 1522 1018 le

184 1088 187 1100 ·
253 1045 368 1108 sedes
358 1045 475 1125 imperis
466 1044 647 1125 Assyriaoi
664 1039 724 1125 (uti
738 1052 847 1124 postea
869 1045 924 1108 sub
938 1045 1043 1107 Persis
1059 1043 1140 1107 Susa
1154 1050 1187 1106 et
1200 1044 1370 1119 Ecbatana,
1395 1045 1440 1107 sic
1456 1045 1512 1107 sub

252 1128 357 1216 syriis)
373 1134 485 1196 Ninum
499 1141 532 1195 et
546 1132 741 1214 Babylonem,
756 1140 913 1216 utramque
929 1134 968 1196 ab
983 1128 1162 1215 Euphrate
1153 1133 1305 1215 irriguam,
1329 1154 1354 1196 ss
1346 1132 1520 1212 Diodoro¹

252 1223 361 1285 dimus:
393 1229 426 1285 at
448 1223 474 1286 si
488 1223 661 1297 Herodoto,
682 1222 779 1288 Ninus
801 1224 841 1286 ad
862 1223 976 1303 'Ilgrim
998 1222 1059 1285 sita
1082 1229 1163 1298 erat,
1186 1231 1218 1285 et
1238 1224 1342 1286 Moses
1364 1223 1440 1285 dicit
1461 1222 1522 1285 Hid

250 1312 385 1385 fluvium,
405 1311 455 1392 qui
470 1311 570 1392 Tigris
584 1311 819 1392 iuterpretatur,
840 1312 952 1374 radere
969 1311 1251 1393 contradssyn'os,
1274 1330 1398 1394 quorum
1412 1318 1522 1394 metrop

253 1400 311 1465 fuit
323 1400 429 1465 Ninus.

214 1561 217 1573 .
335 1506 446 1569 Etcur
467 1506 549 1569 aliud
570 1507 690 1575 sithoc
719 1513 870 1587 tempore,
906 1524 973 1568 oum
995 1505 1211 1588 antiquissimis
1232 1506 1422 1588 temporibus
1445 1508 1502 1571 sub

247 1594 335 1675 huq'us
350 1596 435 1676 regni
450 1589 546 1677 (quod
560 1596 686 1676 primum
702 1602 769 1657 erat
783 1595 815 1657 iu
823 1588 940 1676 Terris)
957 1594 1081 1658 exordia
1094 1595 1175 1660 idem
1190 1595 1280 1658 fuerit
1291 1592 1386 1676 (Gen.
1403 1596 1455 1670 10,
1470 1596 1492 1660 8
1506 1618 1520 1658 s

247 1684 337 1747 Vere.
355 1684 410 1747 ll:
438 1684 494 1760 ,de
511 1691 594 1748 terra
609 1685 662 1748 illa
678 1676 813 1765 (Senaar
826 1679 968 1765 Nimrod)
991 1704 1133 1766 egressus
1155 1691 1204 1747 est
1226 1679 1276 1766 (ut
1297 1684 1365 1765 lego
1389 1695 1458 1748 cum
1479 1686 1522 1750 Ar

248 1769 344 1855 atino)
363 1773 396 1836 in
415 1774 515 1838 Assur
537 1773 680 1837 ditionem
700 1773 827 1836 Aesuris
848 1771 983 1836 Semitas
1006 1782 1039 1836 et
1062 1773 1238 1853 aediliqavit
1258 1771 1387 1837 Ninive“
1413 1774 1468 1837 dec.
1508 1775 1522 1837 1

246 1861 431 1943 primaevam
455 1863 558 1925 sedem
580 1862 772 1929 monarchiae
795 1862 999 1944 Babylonem,
1022 1863 1237 1926 secundariam
1260 1862 1372 1926 Ninum
1394 1862 1427 1925 in
1450 1863 1522 1945 Assy

245 1951 361 2014 Veram
382 1958 485 2014 autern
506 1971 574 2014 esse
589 1951 762 2026 lectionem,
784 1951 864 2033 quod
877 1952 1004 2015 Nimrod
1029 1951 1233 2015 aedificaverit
1253 1952 1383 2015 Niniven
1402 1952 1436 2015 in
1450 1952 1522 2035 Ass}

247 2060 313 2103 curn
327 2040 498 2122 hocu'psurn
513 2040 622 2122 arguit,
638 2041 716 2121 quod
732 2041 815 2122 cujus
830 2041 916 2122 regui
930 2041 1107 2123 principium
1126 2041 1157 2104 in
1173 2039 1313 2104 Sennaar
1330 2060 1522 2106 commemora

247 2226 401 2282 secutura:
431 2227 494 2302 turn
510 2219 603 2282 etiam
618 2219 697 2300 quod
711 2219 848 2281 Micheas
863 2212 1013 2301 propheta
1027 2220 1093 2299 ipse
1109 2220 1159 2282 sic
1175 2220 1270 2300 legit,
1292 2219 1343 2301 qui
1358 2226 1476 2283 terram
1490 2223 1522 2286 A

233 2327 300 2390 ,per
314 2308 506 2389 expolitionis
522 2309 648 2389 figuram
661 2307 693 2370 in
709 2308 1017 2397 secunda-iteratione
1034 2308 1108 2371 dicit
1122 2316 1235 2371 terram
1249 2308 1388 2373 Nimrod

334 2413 473 2496 Scriptor
487 2414 632 2477 historiae
647 2414 792 2478 Judithae
814 2414 933 2477 ridetur
954 2415 986 2478 in
1000 2413 1096 2477 unum
1110 2415 1312 2496 composuisse
1341 2415 1522 2479 circumstan

244 2522 352 2578 rerum,
374 2523 449 2585 quae
466 2504 675 2586 aBabylouiis
699 2504 730 2564 in
745 2505 870 2566 Judaea.
880 2511 986 2584 gestae
1009 2512 1080 2566 sunt
1095 2504 1144 2567 hio
1164 2511 1197 2566 et
1217 2511 1291 2586 post
1306 2503 1348 2568 64
1364 2524 1474 2567 annos
1502 2506 1522 2568 1

193 2591 196 2599 ’
244 2593 424 2657 Holofemes
441 2594 482 2660 sit
498 2595 559 2655 dux
570 2592 725 2655 exercitus
740 2593 946 2675 Aporonadiei
960 2593 1056 2674 Regis
1070 2592 1266 2674 Assyriorum
1286 2593 1522 2676 inBabyloner

245 2682 359 2745 dentis:
383 2684 545 2746 Nanassos
561 2681 718 2744 dedititius
735 2682 816 2744 absit
831 2703 850 2744 a
863 2683 1035 2764 Babylone,
1056 2682 1176 2746 Judaea
1191 2684 1522 2763 careatrege,Holole1

178 2795 183 2804 ·
244 2771 434 2834 nihilominus
456 2772 685 2852 progrediatur,
707 2770 838 2850 Eliaeim
857 2772 1000 2834 sacerdos
1022 2772 1145 2852 negotia
1166 2772 1251 2853 regni
1273 2779 1396 2834 tractet
1433 2773 1522 2836 Hice

242 2860 294 2923 Es.
310 2862 361 2934 22,
377 2862 419 2923 20
433 2860 600 2922 invenimus
612 2859 740 2922 Eliacim
754 2859 879 2922 Heleiae
896 2860 995 2935 filium,
1011 2861 1061 2942 qui
1077 2861 1223 2924 successit
1234 2859 1355 2924 Sobnae
1372 2862 1429 2924 sub
1443 2863 1522 2926 Erec

242 2948 285 3010 Et
299 2949 408 3012 abhinc
424 2956 507 3011 esset
521 2950 605 3012 locus
620 2949 821 3029 longaevitati
831 2950 975 3013 Judithae
992 2956 1063 3012 ante
1078 2950 1187 3013 ultima
1201 2950 1284 3012 mala
1297 2951 1445 3014 Judaeae.
1478 2952 1522 3016 Or

195 3042 197 3045 ’
242 3056 313 3101 vero
323 3038 465 3102 Achioris
481 3039 517 3100 de
533 3039 631 3101 reditu
646 3037 747 3119 gentis
768 3056 805 3099 ex
821 3038 1000 3119 captivitate
1014 3039 1144 3120 intelligi
1165 3046 1271 3120 potest
1287 3058 1354 3101 curn
1370 3040 1408 3102 de
1427 3040 1469 3103 10
1485 3042 1522 3104 tri

240 3126 297 3189 bns
312 3127 368 3190 sub
385 3125 625 3201 Salmanassare,
641 3134 704 3188 tum
720 3126 892 3190 deJudaeis
908 3128 963 3189 sub
979 3126 1205 3192 Sennacheribo
1228 3122 1361 3210 (quando
1379 3132 1522 3195 terram]

240 3215 307 3296 ipse
332 3216 468 3279 vastavit
494 3217 642 3297 urbesque
663 3223 786 3296 praeter
799 3216 1022 3298 lerosolymam
1037 3211 1239 3298 expugnavit)
1262 3217 1402 3280 abductis
1431 3214 1522 3300 (Es

240 3304 322 3367 Eto.
333 3300 361 3368 7.
376 3305 520 3387 Ephraim
535 3306 630 3368 habet
644 3303 686 3375 66
703 3324 806 3379 annos,
829 3312 990 3386 antequam
1004 3306 1126 3386 penitus
1142 3306 1264 3369 desinat
1282 3325 1349 3369 esse
1361 3309 1511 3389 populus:

120 3444 121 3449 ,
241 3394 311 3455 anni
327 3396 494 3457 extendunt
509 3414 542 3457 se
557 3413 612 3476 per
626 3388 668 3457 47
684 3393 765 3456 ultra
780 3393 928 3456 excidium
943 3394 1100 3458 Samariae
1116 3403 1149 3458 et
1164 3396 1369 3458 terminantur
1385 3397 1498 3462 abhinc
1512 3419 1522 3480 1

240 3482 282 3544 23
304 3502 400 3546 annos
421 3483 452 3553 in
474 3503 577 3552 aeram
599 3481 678 3557 326,
699 3483 778 3545 unde
794 3493 937 3565 apparet,
961 3484 1107 3565 quomodo
1129 3484 1289 3547 Israelitae
1317 3485 1410 3548 etiam
1424 3488 1522 3570 possid

239 3570 378 3636 dicantur
394 3573 496 3636 urbem
513 3580 545 3635 et
560 3571 711 3653 templum
743 3567 829 3653 (Bsa
846 3568 898 3637 27.
913 3569 964 3635 28.
981 3572 1064 3654 osu
1066 3566 1089 3653 .)
1115 3628 1121 3637 .

190 3730 194 3734 ,
324 3679 392 3741 Hae
407 3678 500 3758 igitur
517 3677 761 3741 circumstantiae
782 3679 862 3741 illius
883 3679 1028 3742 historiae
1042 3668 1189 3744 Judithae
1203 3674 1242 3742 ad
1256 3679 1319 3744 ista
1334 3682 1488 3762 quadrant
1501 3689 1522 3747 u

236 3786 326 3849 pora;
351 3774 454 3830 cetera
469 3774 504 3829 ut
519 3774 550 3829 et
567 3766 673 3829 horum
687 3769 830 3831 nonnulla
844 3767 999 3832 invenient
1013 3768 1094 3832 infra
1109 3788 1181 3832 aera
1196 3763 1260 3833 367
1276 3770 1374 3833 locum
1388 3771 1522 3837 idoneum

323 3874 408 3936 Aera
422 3872 538 3954 Templi
554 3871 634 3947 361,
657 3895 703 3935 an.
718 3874 837 3936 Nabon.
855 3874 931 3937 109:
959 3874 1069 3939 Annus
1083 3875 1112 3939 6.
1144 3876 1400 3958 Nabopolassaris
1419 3878 1453 3941 in
1476 3880 1522 3942 tal

189 4038 191 4043 ,
236 3969 490 4027 asuenomorum:
507 3963 562 4023 sed
570 3962 634 4024 fieri
643 3970 754 4043 potest,
769 3971 804 4025 ιιι
811 3963 930 4027 initium
937 3965 1014 4044 ,anni
1027 3964 1096 4027 109.
1105 3966 1136 4028 N
1138 3966 1225 4030 abon
1241 3966 1332 4029 fuerit
1346 3966 1414 4030 finis
1430 3967 1522 4031 b.Na'

235 4052 294 4133 pol.
325 4049 477 4128 Solebant
493 4051 573 4112 euim
587 4050 746 4131 Babylonii
767 4060 940 4132 computare
962 4072 981 4114 a
1001 4053 1049 4115 die
1064 4055 1162 4117 natali
1176 4055 1270 4136 regui
1300 4054 1354 4119 Sic
1368 4054 1522 4120 Nabucho

210 4208 211 4213 χ
235 4160 328 4204 nosor
343 4162 362 4203 a
376 4140 488 4203 mensis
502 4139 623 4202 Judaici
641 4140 735 4221 quinti
754 4141 884 4216 decima3
906 4142 1138 4208 Evilmerodaoh
1158 4166 1179 4206 a
1193 4139 1243 4208 27.
1260 4145 1445 4221 duodecimi3
1468 4147 1522 4210 Na*

235 4250 343 4293 nassar
358 4251 377 4292 a
392 4228 444 4293 26
452 4227 540 4293 Febr.
564 4229 631 4291 Hoc
646 4229 738 4309 igitur
748 4229 818 4293 109.
834 4251 911 4293 auno
921 4227 1062 4315 Nabon'
1053 4232 1224 4313 incipiente,
1240 4252 1288 4315 qm
1280 4232 1475 4315 excipiebat
1488 4237 1522 4300 dr

235 4318 439 4400 5.Nabopol.,
460 4317 611 4381 invenitur
633 4317 753 4398 eclipsis
768 4317 880 4394 Lunae
893 4319 922 4383 6.
936 4320 1011 4401 Apr.
1027 4340 1080 4383 seu
1097 4322 1145 4385 12.
1154 4322 1270 4404 Athyr,
1293 4342 1371 4405 quae
1386 4324 1522 4405 plancio

234 4414 373 4489 praestat
387 4408 417 4471 iu
433 4399 619 4470 astronomia
634 4407 799 4482 formanda,
814 4410 893 4491 quod
908 4409 1032 4472 alterius
1047 4410 1173 4490 alicujus
1189 4412 1338 4493 eclipseos
1354 4414 1522 4480 mediumP

234 4498 348 4559 lernaeo
368 4497 515 4578 profuisse
535 4495 631 4557 visum
652 4504 715 4571 est,
738 4498 903 4570 accersitae
923 4498 961 4561 ab
981 4499 1032 4562 illo
1056 4518 1094 4561 ex
1116 4494 1187 4571 127.
1202 4502 1319 4566 Nabon.
1334 4509 1376 4565 et
1396 4497 1449 4567 27.
1464 4504 1522 4568 Αι1

235 4586 313 4666 quod
333 4587 462 4650 medium
483 4594 584 4655 tamen
600 4585 654 4646 sub
670 4586 765 4649 Terra
779 4605 872 4668 eoque
887 4607 948 4650 non
970 4588 1163 4652 observatum
1184 4591 1249 4654 fuit
1294 4592 1340 4654 Et
1352 4598 1447 4656 uota:
1465 4594 1522 4656 obs

234 4675 332 4750 vatio,
347 4693 435 4756 quam
449 4677 544 4739 refert
556 4675 765 4750 Ptolemaeus,
780 4675 838 4739 hoc
853 4684 971 4740 tantum
986 4677 1093 4752 habet,
1104 4697 1187 4743 ¹arurae
1202 4680 1232 4742 5.
1247 4681 1279 4742 N
1280 4680 1405 4762 abopol.
1422 4682 1522 4748 defeci

235 4762 424 4847 digitostres
438 4765 478 4827 ab
493 4773 612 4839 austr03
635 4765 714 4828 hano
728 4783 799 4828 vero
814 4764 1010 4847 parenthesin
1024 4765 1219 4831 Ptolemaeus
1235 4768 1273 4831 de
1289 4773 1361 4852 suot,
1383 4778 1419 4846 ut
1436 4772 1522 4847 ridet
