3142 5476
573 275 604 324 de
616 273 689 324 robur
702 274 885 340 chronologicis.
1352 253 1395 320 93

74 414 229 495 Principum
238 433 351 496 magna
359 415 505 495 temporis
511 415 642 496 jactura.
666 417 791 480 Interim
800 417 908 480 Feriae
924 412 1394 498 appropinquantes·admonuere

71 523 105 565 ne
119 503 154 566 de
172 503 357 567 calendario
374 505 470 586 deque
485 505 685 585 Ephemeride
702 507 793 581 Solis,
807 507 912 569 Lunae
927 505 1094 587 Martisque
1111 504 1325 581 concinnanda,
1344 506 1394 568 ubi

69 600 92 654 et
104 601 272 656 ceterorum
287 594 478 675 planetamm
493 613 531 656 ex
544 594 668 676 Magino
684 597 723 659 sd
739 596 966 659 observationes
982 594 1170 676 Tychonicas
1184 595 1214 656 in
1231 594 1318 657 simili
1335 595 1395 657 situ

67 683 228 745 conferendi
252 684 382 746 fuerunt
427 683 523 746 Simul
547 684 609 746 bini
635 685 699 747 dies
724 705 762 747 er
786 684 910 766 singulis
933 683 1109 765 septimanis
1132 684 1222 745 dandi
1246 683 1342 746 literis
1364 685 1395 746 in

66 769 191 851 Styriam
213 773 430 847 mandandis,
457 773 527 854 quia
548 774 672 853 negotia
698 775 874 854 imperfecta
897 773 1092 853 relinquenda
1117 774 1245 835 inerant
1288 774 1394 854 Neque

64 861 190 923 inmunis
206 863 249 923 fui
272 862 311 923 ab
328 862 576 925 extraordinariis
598 862 772 925 ministeriis
789 862 915 926 Caesari
932 861 1142 942 praestandis,
1165 880 1288 942 quorum
1303 880 1395 923 causa

65 951 158 1012 crebro
181 951 213 1012 in
237 970 338 1013 arcem
361 950 418 1012 fuit
439 952 574 1022 eundum.
613 951 690 1015 Cum
704 953 771 1033 ¹jam
794 952 952 1014 defunctus
975 971 1042 1013 esse
1059 950 1137 1013 omni
1152 951 1255 1013 labore
1277 950 1395 1012 viderer

64 1035 105 1118 (de
120 1040 235 1102 salario
253 1041 459 1121 extorquendo
475 1040 549 1104 nihil
566 1035 687 1121 dicam),
706 1060 776 1104 ecce
792 1041 1003 1104 coloniensem
1017 1040 1198 1114 illectorem,
1214 1040 1262 1122 qui
1278 1058 1325 1102 me
1341 1058 1394 1120 per

63 1129 205 1190 octiduum
227 1129 357 1210 amplius
379 1130 515 1192 exercuit
535 1130 566 1192 in
589 1131 765 1210 quaestione
787 1130 1018 1204 mathematica,
1041 1130 1212 1210 donataque
1235 1148 1326 1191 aurea
1349 1129 1394 1191 eui
1449 1180 1453 1191 ,

56 1218 180 1298 ¹imagine
206 1238 275 1280 cum
297 1218 404 1300 poculo
428 1218 518 1280 trium
539 1238 707 1282 marcarum
734 1221 949 1282 necessitatem
970 1219 1042 1281 mibi
1068 1219 1210 1298 imposuit
1231 1218 1395 1281 identidem

64 1308 139 1369 officii
155 1327 252 1370 causa
269 1308 469 1387 comparendi.
497 1308 601 1370 Habes
612 1328 665 1388 per
675 1327 840 1385 excursum,
856 1309 926 1391 qnid
946 1327 993 1370 mc
1014 1308 1184 1370 sexcenties
1200 1308 1239 1370 ad
1249 1307 1395 1370 calculum

64 1396 272 1477 expediendum
289 1396 494 1459 considentem
516 1397 641 1472 subinde
662 1399 852 1461 revocaverit
874 1416 1053 1478 causamque
1073 1396 1246 1478 praebuerit
1267 1414 1394 1477 respon-

1 1518 3 1550 ι
64 1505 114 1547 sum
134 1486 292 1566 tantisper
314 1486 485 1562 differendi,
514 1505 580 1549 cum
600 1488 807 1550 erubescerem
829 1488 892 1550 eine
907 1488 1043 1568 perfecto
1066 1487 1181 1548 calculo
1202 1487 1394 1568 respondere.

1 1602 3 1629 ι
64 1574 118 1637 Jem
133 1576 255 1637 adrem
271 1558 371 1640 redeo.
1357 1614 1359 1621 ι

2 1665 3 1668 ’
137 1663 340 1729 certitudinis
356 1685 449 1728 causa
470 1684 507 1728 ne
530 1667 608 1728 forte
624 1665 704 1728 idem
719 1684 802 1727 error
816 1666 935 1747 utrique
951 1684 1019 1729 sese
1029 1664 1218 1739 insinuaret,
1240 1682 1312 1726 usus
1329 1681 1394 1727 snm

66 1753 112 1815 clia
126 1754 253 1836 epocha,
269 1774 346 1836 quae
362 1755 404 1817 40
421 1755 507 1817 annis
523 1764 572 1817 est
587 1755 737 1836 antiquior
753 1753 877 1830 Christi,
893 1755 932 1816 ad
947 1771 1036 1837 qnam
1051 1754 1154 1817 addidi
1169 1770 1280 1816 annum
1294 1771 1393 1827 unum,

2 1907 5 1927 l
66 1842 169 1905 lunum
186 1843 363 1924 simplicem,
379 1843 444 1906 dies
460 1844 574 1907 solidos
585 1844 761 1918 octodecim,
777 1843 820 1906 sic
835 1852 871 1906 nt
885 1845 1036 1925 prodeant
1049 1863 1117 1908 mea
1132 1845 1201 1907 loca
1215 1844 1255 1905 ad
1264 1841 1393 1906 mediam

3 1936 6 2011 ᾗ
66 1941 170 1995 noctem
186 1941 372 2014 sequentem
904 1946 909 1962 ⁸

144 2098 281 2165 maeno
292 2100 373 2151 nce·
615 2085 624 2101 ⁸
652 2100 787 2153 mnan
1042 2072 1322 2167 desomnem

510 2185 712 2251 &21⁰19‘Q.
975 2184 1187 2249 Θ21“.48’Θ.

10 2260 11 2266 ’
67 2251 236 2323 iecra..
509 2253 859 2325 bleranensis.
971 2252 1355 2398 ffiwczlaertre‘ss

67 2399 236 2463 rursm.
509 2397 848 2466 soromatas.
969 2395 1305 2465 praesumere.

10 2506 11 2514 ι
66 2473 190 2534 iliam.
508 2474 661 2536 taleae
698 2473 836 2537 „0.9.S.
969 2472 1122 2535 919.ᾒῦ
1158 2473 1337 2536 „o.1os.·

67 2542 249 2604 611&ssss
331 2584 333 2591 ,
510 2544 864 2608 (57.822„0.38.M.
1007 2543 1320 2608 commeari.

10 2630 12 2639 ι
69 2607 216 2691 Ωιιειιρ.
510 2609 853 2689 92.32rp„o.4e.s.
906 2633 908 2640 ·
970 2544 1109 2692 gerp
1156 2615 1313 2678 „oses

10 2678 225 2748 .imwe
418 2740 421 2751 ,
508 2683 858 2750 ρωΰωηιωῆ
969 2681 1314 2748 cnmc,ima

869 2789 872 2793 <
968 2752 1251 2822 Caniculalb.b4.]1.

967 2824 1272 2894 Procyon27.24.]1.·

134 2985 277 3063 Apparet
292 2980 393 3062 igitur,
407 2981 607 3062 posteriorem
623 2982 769 3046 caleulum
783 2982 860 3045 bene
880 2981 1008 3056 habere,
1029 2982 1088 3045 nisi
1106 2983 1139 3045 in
1153 2978 1189 3063 ij,
1211 2981 1262 3046 ubi
1282 2980 1392 3044 desunt
1430 2992 1431 3001 ’

10 3094 12 3101 ·
63 3070 164 3152 aliquot
177 3071 309 3145 minuta,
332 3071 412 3133 forte
427 3071 473 3147 δ’,
494 3091 570 3153 quae
591 3071 640 3134 hic
662 3072 772 3134 nulline
792 3080 864 3135 sunt
890 3072 1041 3135 momenti.
1086 3072 1180 3135 Marti
1202 3070 1391 3134 tribuebatur

62 3161 282 3242 retrogradatio,
297 3161 378 3241 quod
393 3180 480 3223 secus
494 3161 598 3235 babet,
613 3168 662 3224 est
677 3161 801 3225 enimin
816 3161 934 3244 quintili
944 3161 1034 3236 Solis,
1050 3181 1106 3225 nec
1121 3161 1178 3224 nisi
1194 3167 1266 3241 post
1279 3160 1391 3222 trinum
1485 3194 1487 3201 >

60 3248 85 3311 it
98 3249 303 3331 retrogradus.

0 3432 1 3444 ¹
116 3425 191 3487 Quae
202 3431 304 3491 praetm
319 3427 458 3490 mambra
469 3426 595 3493 Keplorne
612 3428 667 3493 egit
681 3442 726 3492 por
741 3428 829 3480 literae
846 3440 903 3479 erun
918 3427 1049 3479 Hervarto
1067 3426 1097 3481 de
1114 3426 1188 3477 rebus
1205 3426 1390 3493 chronologicis,

56 3498 98 3564 ipre
109 3499 238 3563 Keplerur
250 3497 344 3562 publici
352 3500 415 3561 luris
428 3500 488 3549 iecit
499 3500 525 3549 in
537 3502 651 3564 sequenti
661 3499 736 3558 libro,
753 3515 826 3565 quem
842 3500 979 3563 inscripsit:
998 3497 1107 3565 Eclogae
1126 3498 1270 3553 cannaco.
1307 3498 1391 3560 Quare

55 3573 117 3621 nim
138 3574 195 3634 jam
218 3567 349 3620 Hervartc
376 3584 408 3619 ea
434 3573 603 3635 proponimus,
631 3585 695 3636 quae
718 3570 844 3635 Kepleroe
861 3571 960 3634 scripsit
983 3569 1144 3636 scaligero
1167 3570 1216 3621 hnc
1231 3571 1389 3637 pertinentia

54 3640 170 3707 leplerue
188 3642 283 3706 ingenii
300 3640 339 3690 cul
355 3643 451 3691 ratione
463 3648 490 3691 et
501 3644 586 3692 innato
596 3642 784 3707 philosophandi
795 3643 877 3693 studio
888 3657 942 3692 rem
954 3654 970 3690 a
981 3639 1114 3692 Maeetlino
1126 3649 1219 3692 motam
1230 3658 1279 3693 non
1290 3643 1390 3706 abjecit.

5 3712 6 3729 ³
53 3714 88 3764 red
98 3716 125 3764 in
137 3714 223 3762 animo
232 3713 324 3769 solvit,
341 3711 422 3764 stubi
433 3714 538 3778 primunr
550 3714 603 3764 tale
615 3714 675 3778 qnid
686 3715 805 3772 occurrit,
822 3714 894 3764 aride
907 3714 1062 3764 occasionem
1075 3715 1160 3778 arripit
1172 3714 1203 3765 de
1214 3727 1276 3764 noro
1287 3729 1342 3765 rern
1353 3714 1389 3762 in·

52 3786 163 3850 quirendi.
190 3783 281 3833 Talem
292 3786 573 3849 occasionem-praebuit
584 3784 601 3835 J
604 3786 736 3850 osephus
748 3784 892 3851 Scaliger
904 3799 978 3850 opere
991 3800 1035 3836 ano
1043 3785 1146 3849 prolixo:
1160 3783 1200 3835 De
1209 3785 1389 3847 hendecade

52 3855 196 3922 lernporunr
208 3851 326 3918 (primurn
339 3857 405 3919 typis
418 3871 536 3906 excusum
548 3862 588 3906 eet
600 3866 616 3906 a
630 3856 705 3917 1583,
723 3857 781 3906 dein
793 3859 864 3906 annis
878 3855 946 3907 1593
959 3862 985 3906 et
998 3852 1090 3919 1598),
1106 3857 1172 3922 quod
1183 3870 1276 3922 magna
1288 3856 1387 3920 quidem

52 3929 189 3985 eruditione,
202 3928 351 3990 praesertim
361 3926 518 3995 historiarum
535 3929 672 3993 cognitione
685 3930 861 3991 conscriptum,
878 3930 960 3977 minue
977 3940 1025 3978 acu
1041 3928 1135 3992 tangit,
1155 3940 1220 3993 quae
1237 3927 1270 3976 ad
1288 3926 1385 3976 mathe-

51 4002 163 4050 maticam
175 3999 314 4062 perinane
333 3993 409 4061 quarn
421 3998 452 4048 cb
469 4011 522 4050 rem
536 3998 648 4057 Clarius,
665 4001 707 4064 qni
722 4001 791 4063 prins
805 4000 904 4064 quidem
920 4000 946 4049 in
958 3997 1113 4065 Scaligerum
1131 3999 1247 4049 urbanius
1263 3998 1388 4062 prodierat

50 4066 253 4132 in‚crrlendarii
264 4068 445 4132 explications“
458 4077 485 4120 et
497 4070 564 4131 ,Jcc
578 4070 700 4136 Scaligeri
717 4071 837 4121 elenchus
856 4077 883 4121 et
900 4072 1034 4136 castigatio
1047 4070 1100 4120 Cal.
1114 4070 1259 4135 Gregorianl
1272 4082 1288 4118 a
1301 4068 1387 4119 Clario

51 4138 207 4208 artigata“),
219 4147 309 4205 postea
320 4154 385 4199 roro,
397 4155 473 4206 quum
485 4141 597 4207 Scaliger
608 4143 680 4192 nimis
692 4143 886 4207 intemperanter
897 4142 1075 4206 respondisset,
1088 4143 1207 4192 acerrime
1219 4143 1245 4190 in
1256 4141 1337 4205 ipsum
1348 4140 1386 4190 in·

50 4216 139 4265 nhitnr
157 4209 325 4276 („Reeponaio
337 4212 371 4261 ad
382 4215 492 4263 convicia
504 4220 531 4264 et
548 4212 685 4264 calumnias
698 4210 859 4279 Scaligeri“),
878 4215 989 4264 referens
1008 4214 1070 4264 alios
1089 4227 1185 4277 quoqne
1207 4226 1301 4262 errores
1318 4210 1384 4260 haud

50 4282 107 4336 leves
132 4299 150 4334 a
177 4282 306 4417 Sqaligero
329 4283 356 4332 ln
379 4283 566 4347 mathematicis,
586 4285 706 4335 admissos
733 4280 768 4346 (in
794 4285 855 4334 libro
883 4286 1010 4350 inscripto:
1047 4284 1227 4347 cyclomotrioa
1252 4283 1386 4333 Elementa

5 4445 6 4448 ¹
109 4429 253 4495 Sequentes
268 4423 375 4490 Keplerl
392 4427 510 4491 epistolar
527 4427 561 4476 ad
579 4425 745 4492 scaligerum,
764 4439 829 4492 quae
848 4428 927 4492 cperis
947 4425 1004 4488 „Dc
1022 4425 1201 4477 Emendatione
1220 4421 1385 4491 Temporum¹⁸
1482 4456 1483 4459 =

52 4502 161 4564 qaedam
172 4504 262 4564 partes
275 4503 403 4561 spectant,
424 4497 565 4563 Scaligerur
583 4498 653 4548 nulla
669 4499 765 4549 ridetur
781 4499 870 4563 dignae
888 4498 1005 4549 habuisse
1021 4499 1191 4562 responsione,
1212 4503 1279 4547 certe
1291 4497 1385 4548 nullam

52 4574 212 4637 nenmcripta
220 4568 341 4620 referunt
379 4567 500 4631 Causam,
520 4584 564 4619 cur
576 4585 624 4619 non
635 4570 761 4633 respondit
773 4568 929 4635 Scaligerns,
947 4575 1020 4633 potas
1032 4569 1095 4619 forte
1108 4583 1139 4618 ex
1151 4569 1261 4618 secunda
1273 4577 1300 4619 et
1310 4569 1387 4619 tertia

52 4640 142 4709 Kepleri
154 4641 274 4708 epistola,
287 4641 335 4689 nisi
347 4640 452 4700 morbus,
465 4640 507 4705 qni
518 4647 622 4691 mortem
633 4641 802 4704 praecedebat
814 4636 963 4706 (hydropsis)
976 4639 1099 4689 silentium
1111 4641 1247 4690 excusavit.
1273 4639 1386 4690 Mortuus

52 4723 80 4764 ert
90 4717 237 4782 Scaligerne
250 4710 366 4776 Lugduni
377 4710 528 4762 Batavorum
540 4725 604 4762 anno
618 4710 687 4764 1699
699 4707 836 4775 (Jannerlo)
850 4725 942 4763 annum
954 4722 1031 4776 agenr
1044 4707 1090 4770 69,
1110 4719 1137 4760 et
1148 4710 1253 4775 Keplori
1264 4711 1385 4776 epistolae

52 4785 115 4842 &tae
126 4795 186 4842 sunt
197 4782 273 4839 hand
290 4785 328 4834 ita
338 4784 416 4835 multo
434 4790 493 4836 ante
510 4791 623 4837 monem
658 4783 756 4837 Priores
768 4783 873 4848 Kepleri
891 4784 980 4836 literae
996 4797 1045 4834 non
1060 4784 1173 4849 mtegrae
1192 4784 1278 4837 inerma
1295 4795 1383 4834 manu·
