3142 5476
531 277 636 344 Kepleri
647 290 723 343 opere
734 277 913 344 obmuologica
1294 250 1296 256 ¹
1330 257 1392 324 173

61 416 173 497 praefixi
201 417 325 483 morunt
350 420 465 484 indices
491 420 619 495 ordinis,
648 440 735 502 quem
763 419 954 484 amanuensis
980 419 1012 483 in
1038 419 1249 484 exscribendo·
1264 427 1393 497 teneret,

61 506 121 568 nihil
135 507 230 587 igitur
244 509 327 570 ultra
342 510 380 571 ab
394 509 433 571 iis
450 518 619 589 exspectes.
648 511 736 572 Vale.

118 638 217 690 Deinde
244 643 271 691 in
295 641 365 691 auce
385 642 453 693 libm:
478 634 664 697 Admonitio.
705 636 741 697 In
767 633 898 696 numeris
921 633 1136 715 marginalibus
1162 636 1274 698 nullum
1295 636 1392 698 lector
1479 698 1483 711 ,

63 721 187 802 quaerito
203 723 390 803 mysterium.
426 725 562 786 luerunt
584 724 662 786 enim
682 723 767 786 initio
783 743 838 803 per
858 724 926 804 ipsa
947 724 1137 804 autographa
1152 724 1347 804 epistolarum
1361 724 1392 787 iu

64 829 116 871 cam
129 810 220 872 finem
236 811 381 892 dispersi,
403 819 437 874 ut
453 813 643 876 amanuensis
664 813 769 887 sciret,
792 831 848 893 quc
872 811 976 874 ordine
999 813 1162 895 quamlibet
1184 814 1319 894 eclogam
1336 831 1391 876 ax-

64 899 211 975 scriberet3
235 921 312 982 quos
334 901 404 982 quia
425 902 576 965 interdum
598 902 729 983 allegavi
751 902 783 964 in
803 901 1003 982 marginibus,
1026 902 1166 965 omittere
1189 903 1316 983 amplius
1332 923 1392 966 non

64 989 139 1068 prus
199 1020 200 1023 ι

118 1131 239 1181 Ultimum
258 1145 357 1190 eorum,
377 1146 437 1196 quos
454 1131 735 1197 comeripsitKeplerns
754 1130 784 1182 de
804 1131 974 1197 chronologia,
988 1131 1104 1184 'libellum
1124 1132 1277 1183 edidit'iictc
1295 1133 1392 1183 nomine

65 1201 177 1267 ,Rieepse
188 1201 338 1261 Herennius,
353 1203 427 1254 elias:
439 1202 554 1254 Phalaris
566 1213 613 1254 rou
622 1200 751 1253 Nee-ser*
764 1205 920 1268 transpositis
932 1202 1010 1254 literis
1021 1205 1125 1255 mminis
1135 1201 1392 1269 lohannesKeplerus

65 1277 190 1337 suposito,
210 1288 286 1337 quem
297 1273 378 1323 lusum
391 1275 543 1324 continuarit
555 1274 738 1325 dedicationem
750 1275 905 1325 subscribens
919 1274 1044 1334 „Helenor
1052 1274 1213 1340 Kapuensis“
1226 1278 1289 1327 etin
1301 1271 1351 1327 fine
1363 1276 1391 1327 li·

66 1346 121 1396 belli:
140 1346 268 1408 supinus
280 1344 413 1395 hairico.
437 1344 491 1395 Noe
502 1345 603 1405 Alkuln,
615 1345 731 1395 Praeses.

117 1417 260 1476 Βιιίοιιοιιι,
272 1429 323 1481 qua
335 1423 415 1466 motus
427 1431 596 1468 nomensuum
608 1416 779 1484 occultaverit,
792 1416 857 1466 hanc
870 1417 944 1466 dicit:

136 1507 185 1568 De
202 1506 405 1568 numeralibus
419 1507 578 1587 prophetis
586 1513 690 1568 exstat
697 1506 817 1569 libellos
827 1506 1055 1588 chronologicus
1064 1507 1226 1569 vernaculo
1243 1522 1393 1584 sermone,

68 1596 107 1657 sed
127 1614 193 1657 cnm
215 1595 306 1657 titolo
323 1596 446 1659 iruntali
466 1596 639 1658 Kanones
654 1595 836 1668 Pueriles,
858 1595 964 1663 Uimae
987 1596 1167 1677 impressus,
1189 1596 1220 1658 in
1243 1615 1300 1678 quo
1317 1597 1391 1659 duos

67 1684 232 1747 lanlhaberi
248 1684 361 1746 similes
375 1680 636 1765 Felgenhauerum
652 1684 845 1747 etTilnerum
860 1685 1042 1749 novissimae
1059 1686 1118 1748 diei
1132 1686 1392 1765 pervestigatores
1425 1709 1428 1718 ·

68 1775 145 1853 pulso.
179 1774 299 1836 Nomen
318 1793 389 1836 vero
400 1781 443 1837 et
463 1775 518 1836 snb
533 1774 584 1836 illo
602 1774 690 1836 titulo
705 1777 793 1844 <verbs
801 1779 916 1831 Crem
925 1780 1044 1834 Pueriles
1053 1785 1209 1847 emptum
1217 1783 1392 1836 ueneremur

69 1871 236 1921 tussam
248 1868 391 1937 Ksplerss)
408 1870 441 1924 et
452 1863 511 1925 ‘snb
526 1862 594 1942 aliis
610 1861 897 1942 transpositionibus
913 1864 1071 1938 occultavi,
1086 1883 1123 1925 ne
1140 1864 1293 1946 quisalius
1308 1865 1391 1945 ejus—

70 1952 132 2014 nudi
151 1972 199 2015 me
217 1952 290 2033 joco
313 1952 392 2014 seu'o
409 1952 599 2032 depecteret,
621 1959 655 2014 ut
670 1970 726 2032 ego
743 1959 790 2025 te,
812 1957 866 2013 aut
880 1970 918 2013 ne
933 1951 996 2014 litis
1010 1951 1128 2015 initium
1142 1954 1231 2015 fieret
1250 1971 1297 2014 me
1312 1954 1392 2016 inter

72 2049 94 2103 at
110 2041 216 2105 dictos
228 2049 377 2104 auctores.
391 2042 400 2109 ’,
420 2041 598 2122 Exemplum
612 2061 673 2104 non
687 2041 800 2116 habeo,
822 2047 854 2102 et
876 2041 902 2103 si
923 2042 1082 2117 haberem,
1104 2043 1349 2106 metuendumne
1365 2042 1392 2105 si

70 2131 170 2193 mittam
185 2139 220 2194 tu
234 2131 308 2194 mibi
323 2131 548 2212 periuratum,
563 2131 673 2212 qnippe
688 2150 748 2194 non
763 2130 860 2192 minue
875 2130 992 2194 merito.

119 2291 163 2342 liis
176 2305 241 2357 quae
255 2291 418 2343 desumsimus
430 2305 445 2341 e
457 2291 535 2340 literis
544 2288 648 2354 Keplerl
661 2289 694 2340 sd
705 2290 808 2340 Petrum
818 2289 956 2356 cingerum
967 2290 1158 2350 Dantiscsnum,
1172 2293 1238 2342 detis
1251 2285 1326 2343 628.
1334 2291 1390 2344 l'br.

68 2362 127 2421 1624,
138 2365 202 2413 haec
215 2361 331 2412 addenda
343 2368 407 2413 sunt.
428 2363 566 2427 Respondit
572 2359 698 2425 Keplerus
711 2361 832 2427 crugero,
849 2365 891 2426 qui
903 2362 1037 2428 Negelium
1054 2364 1152 2414 dixerat
1168 2365 1234 2414 inter
1247 2370 1333 2424 ,rates
1345 2378 1391 2414 nu-

67 2433 172 2485 nereles“
189 2435 354 2498 praecipuum
365 2432 525 2498 Kapleroqus
540 2430 718 2492 incleverat,
738 2448 765 2483 se
776 2432 878 2499 ngelii
897 2447 991 2484 encres
1001 2435 1107 2499 'publice
1125 2436 1283 2498 increpuisse.
1319 2432 1392 2495 Quod

67 2520 108 2555 mm
117 2507 227 2571 Keplero
238 2507 322 2555 minus
339 2505 488 2569 placuisset,
507 2520 564 2555 cum
576 2504 711 2570 Negebum
729 2520 778 2554 neu
790 2504 892 2569 dignum
904 2511 1018 2556 censeret
1028 2507 1197 2569 responsione,
1216 2512 1245 2556 et
1254 2505 1391 2571 (ludigerum

65 2579 220 2642 umpnnset,
234 2579 276 2642 qui
288 2590 316 2626 se
327 2577 354 2626 in
365 2583 494 2626 certamen
505 2574 755 2637 „luculentissimumu
768 2576 894 2626 demiserit
904 2577 1036 2643 negligens
1049 2578 1133 2626 lamae
1146 2577 1289 2642 decorisque
1301 2580 1347 2636 ml,
1364 2580 1391 2628 in

66 2652 204 2714 amusium
217 2663 265 2698 sue
274 2651 364 2711 jocans
374 2651 454 2705 timet,
466 2663 498 2697 ue
512 2647 636 2713 Crtgerus
647 2649 694 2712 ipsi
706 2648 795 2713 ,paria
804 2647 922 2698 referat.“

118 2722 216 2772 Verba:
236 2719 388 2770 Feulhaberi
399 2719 494 2771 similes
504 2716 549 2768 dc.
562 2720 601 2769 his
613 2719 774 2782 erpbcentur.

118 2793 227 2844 Joannes
245 2790 417 2841 l’sulhsbems
435 2790 561 2841 Ulmensis
579 2791 771 2841 mathematicus
790 2798 816 2840 et
834 2793 943 2839 metator
960 2790 1028 2840 initio
1046 2803 1097 2841 sec.
1114 2787 1194 2840 XVII.
1213 2788 1294 2838 mults
1312 2789 1391 2841 edidit

64 2866 231 2916 euhemerus
242 2868 269 2912 et
280 2862 429 2912 mechanica
440 2863 541 2926 csripta,
556 2863 581 2911 in
594 2863 681 2927 qmbus
698 2868 778 2911 amem
794 2861 946 2924 analyticam
960 2874 1168 2925 numerorumque
1185 2860 1391 2912 combinationem

64 2936 133 2987 multis
144 2936 285 2986 nominibus
297 2933 405 2984 excoluit
416 2929 506 2997 (comp.
518 2932 655 2983 Kaestueri
665 2931 731 2983 Hist.
744 2931 824 2983 Mstla
836 2931 882 2991 111.
894 2930 930 2982 29
939 2930 990 2995 ss).
1021 2932 1104 2982 Multa
1120 2947 1177 2984 reru
1194 2947 1280 2982 eorum
1294 2946 1390 2983 merum

62 3007 164 3058 exbibens
171 2995 331 3058 numerorum
340 3004 429 3063 insum
442 3007 513 3069 eique
526 3018 583 3054 uum
594 3006 667 3055 nimis
678 3005 819 3070 indulgeret
830 3010 858 3056 et
868 3018 926 3054 eum
937 3005 970 3054 sd
982 3006 1157 3054 astronmiam
1169 3009 1197 3054 et
1208 3003 1391 3070 chronologiam

60 3079 184 3136 tdbiberet,
196 3081 273 3127 itant
285 3076 384 3126 indeed
393 3076 523 3127 cebbslam
533 3082 683 3126 enumeres
691 3075 820 3126 literarum
826 3071 952 3126 sacrarum
959 3077 1075 3138 mysticos
1086 3079 1206 3127 manebat
1218 3082 1390 3141 comatumque

59 3152 107 3200 suni
119 3150 195 3202 1618.
209 3149 244 3199 ai
255 3149 310 3198 illos
322 3148 427 3198 referret
438 3146 482 3198 dc.
491 3164 501 3206 ς·
519 3149 588 3199 haud
598 3149 687 3197 mirum
699 3148 808 3207 ridetur,
827 3147 921 3211 passim
933 3146 1116 3217 Ffflilsebernm
1133 3149 1230 3211 scriptis
1246 3147 1353 3211 publicis
1363 3153 1391 3197 et

59 3225 148 3284 pn'rsds
165 3221 330 3271 vehementer
347 3221 504 3287 reprobatum
523 3225 550 3268 et
571 3225 689 3270 raretum
706 3233 771 3268 esse.
802 3218 832 3268 In
848 3217 995 3269 calendario
1008 3215 1084 3269 1617.
1103 3219 1279 3284 pronunciasse
1291 3233 1319 3269 se
1331 3234 1388 3269 cou-

58 3295 127 3344 tendit
138 3300 263 3343 cometam
278 3294 304 3341 in
317 3297 476 3355 conspectum
487 3297 631 3349 venturum,
651 3291 745 3355 siblque
758 3289 863 3355 gloriam
873 3290 947 3352 huius
958 3290 1087 3340 mbandm
1103 3290 1294 3353 praedictionis,
1314 3303 1390 3356 quern

58 3376 82 3413 er
94 3379 196 3415 nomem
215 3362 396 3427 Apocalyptico
418 3360 470 3412 666
487 3368 513 3410 et
531 3362 628 3412 calcqu
643 3362 752 3412 numeris
769 3360 958 3427 polygcnslibus
982 3361 1095 3412 ebsoluto
1118 3361 1263 3421 deduxerit,
1289 3375 1389 3414 servus

57 3437 141 3487 studuit
159 3439 186 3485 in
204 3435 282 3492 libro,
300 3448 374 3498 quem
392 3435 517 3496 inscripsit
537 3433 633 3495 „Fama
650 3433 748 3483 siderea
765 3445 830 3482 nors
847 3430 909 3482 da‘*
953 3432 1139 3498 Bentlingensis
1159 3432 1309 3498 estroplrilus
1320 3433 1387 3484 Mat-

56 3508 135 3558 ussus
153 3506 239 3571 Begar
263 3520 338 3569 quum
362 3504 524 3554 Maestlinum
549 3505 654 3554 adiisset
678 3517 764 3554 meuse
789 3504 904 3568 Angusto
926 3503 1042 3555 humente
1058 3504 1226 3564 Panlhaberc,
1251 3507 1391 3556 utentior

55 3579 117 3629 ieret
135 3579 166 3629 de
184 3584 298 3635 cometa,
318 3577 450 3640 comperit,
470 3591 527 3625 eum
544 3575 676 3626 Novembri
692 3576 791 3625 demum
803 3575 933 3640 Tubingse
951 3583 1109 3640 conspectum
1127 3590 1191 3627 esse.
1232 3574 1287 3636 Quo
1299 3578 1388 3628 nuncio

55 3659 126 3700 metus
137 3650 254 3715 lisgerus
262 3648 412 3698 Fanlheberi
425 3660 544 3697 arcanam
556 3648 686 3697 scientiam
697 3647 800 3697 maximi
811 3647 874 3695 facit
884 3647 910 3696 in
922 3646 1004 3696 libello
1016 3648 1144 3712 inscripto:
1163 3647 1295 3698 Problema
1307 3653 1387 3699 astro·

54 3723 167 3772 nomicum
177 3722 218 3771 die
230 3721 293 3770 situs
306 3719 350 3768 der
362 3719 450 3769 Sterne
464 3735 494 3768 nu
507 3719 647 3768 obserriren
659 3716 703 3768 dc.
734 3718 840 3783 Aegrius
858 3717 901 3766 alii
913 3717 1063 3769 Fsulhaberi
1081 3720 1218 3770 doctrinam
1237 3724 1387 3782 exceperunt

53 3801 75 3842 et
82 3795 162 3859 parim
173 3795 200 3842 in
213 3806 270 3841 eum
281 3792 373 3840 invecti
382 3796 439 3840 snut
451 3790 577 3840 doctrinae
591 3796 617 3839 et
626 3792 737 3852 jocorum
750 3789 861 3844 auxiliis3
881 3788 1030 3840 Zambertns
1040 3790 1133 3849 wahe,
1150 3789 1274 3840 Ulmeusis
1287 3789 1386 3840 scholae

53 3862 151 3915 teum
169 3868 319 3928 praeceptor
336 3858 467 3925 (Erpolitio
487 3862 570 3910 lamae
588 3860 702 3911 sidereae
721 3874 799 3911 norae
815 3860 1045 3921 tardaberis-nae,
1065 3861 1114 3912 des
1133 3861 1167 3911 ist
1184 3860 1302 3911 statiiche
1320 3861 1385 3911 Ans·

50 3943 155 4002 pmsnng
166 3935 212 3985 des
227 3932 432 3999 hochfliegenden
449 3932 510 3982 eber
526 3932 589 3982 doch
604 3932 817 3997 ubelgefiederten
836 3931 1002 3996 allgemeinen
1018 3931 1178 3983 offsntlichen
1193 3932 1386 3982 Ausschreiben.

50 4006 101 4057 illm
114 4007 197 4062 l6l6;
218 4012 256 4056 et:
279 4004 437 4055 Postulatnm
450 4005 585 4068 aequitatis
596 4003 778 4068 plenissimum,
791 3999 834 4064 ib.)
851 4002 1015 4062 demonstrat,
1032 4019 1188 4068 numerorum
1203 4003 1387 4070 polygonallum

50 4080 168 4129 caleulum
187 4078 273 4127 furtim
292 4091 308 4125 a
328 4075 483 4126 l'aulhabero
503 4074 645 4124 desumtum
656 4088 713 4125 esee
730 4089 744 4124 e
763 4074 907 4137 Maurolyco
924 4080 950 4124 et
968 4075 1143 4125 divinationem
1163 4074 1237 4138 plane
1259 4075 1387 4126 fortuitam

48 4151 127 4202 inisse.
164 4148 304 4199 Numerum
316 4146 368 4198 666
380 4163 429 4197 non
439 4148 520 4196 minus
533 4148 633 4197 fortuito
646 4161 659 4196 e
671 4145 776 4210 Kepleri
787 4145 998 4209 Ephemeridibus'
1006 4148 1168 4210 compositum
1181 4160 1244 4206 esse,
1261 4145 1386 4211 inquibus

46 4219 170 4287 longitudo
182 4220 273 4270 Martis
286 4219 309 4269 d.
320 4217 344 4269 6.
356 4217 423 4282 Sept.
436 4219 534 4283 prodita
545 4202 578 4268 s‘it
590 4211 621 4267 3⁰
632 4216 676 4267 33‘
690 4212 724 4278 ii,
737 4224 763 4267 et
774 4216 862 4268 Lunae
874 4217 981 4270 latitudo
998 4212 1028 4268 3⁰
1040 4216 1093 4277 33¹,
1106 4233 1167 4284 quos
1178 4230 1294 4268 numeros
1309 4219 1386 4267 intre·

44 4293 98 4357 pide
110 4291 283 4343 Faullssberus
302 4292 424 4354 receperit
443 4289 494 4341 333
513 4289 653 4353 alteroeque
673 4288 760 4338 alteris
773 4288 870 4338 additos
888 4288 1022 4352 prodiderit
1033 4288 1093 4340 666.
1124 4288 1218 4339 Reetor
1229 4289 1329 4339 sclsolee
1341 4286 1384 4337 Ul·

43 4366 133 4416 menda
153 4363 176 4413 J.
190 4362 279 4425 Bapt
299 4359 516 4419 Hebenstrcit,
535 4361 613 4410 veteri
630 4361 742 4409 amicitia
752 4358 863 4423 Keplerc
882 4362 1039 4423 coniunctus,
1051 4361 1112 4411 item
1131 4374 1158 4410 se
1177 4361 1311 4410 immiscuit
1327 4360 1386 4410 huic

42 4438 85 4495 uti.
104 4435 181 4487 editis
192 4433 291 4492 libellis,
304 4447 364 4497 quos
379 4432 513 4496 inscripsit:
532 4430 789 4496 Kometenirsgstuck
807 4445 852 4481 aus
872 4430 916 4481 der
933 4431 1019 4480 reinen
1030 4430 1194 4496 Philosophia.
1222 4431 1262 4481 De
1275 4430 1388 4482 cabbsls

40 4502 506 4574 isgsmhmooeomemnaiisnsica3
531 4501 616 4553 Oratio
632 4503 657 4552 in
673 4501 808 4565 Gymnasio
827 4501 938 4552 Ulmensi
954 4502 1052 4560 habita,
1068 4503 1094 4552 ln
1110 4503 1209 4568 quibus,
1230 4515 1294 4568 quae
1311 4501 1400 4567 seul«,

40 4579 150 4630 habens
165 4576 244 4628 habet
262 4574 383 4633 absurda,
410 4576 593 4632 examinantur,
613 4580 642 4623 at
660 4574 712 4623 alie
727 4573 807 4623 multa
822 4579 953 4623 occurrunt
968 4573 1075 4632 insulsa,
1094 4588 1118 4624 r.
1135 4587 1156 4623 c.
1170 4574 1227 4624 oriri
1243 4580 1353 4624 cometas
1371 4587 1386 4622 e

38 4650 172 4715 muribus
184 4648 264 4698 Terra
283 4646 485 4712 emergentibus,
499 4646 603 4697 effectus
622 4651 775 4695 cometarum
793 4644 954 4710 astrologiecs
966 4659 1016 4694 nou
1027 4658 1083 4695 esse
1094 4644 1255 4707 rejiciendos,
1273 4644 1386 4710 praedici

36 4737 108 4788 pesse
122 4727 248 4772 cometam
259 4719 395 4770 eumdum
405 4717 506 4784 regulas
518 4717 680 4781 astrologicae
692 4714 736 4766 dtu.
750 4741 784 4752 -
794 4714 913 4767 Ceterum
924 4731 973 4766 non
981 4716 1249 4781 solustaliaprciessus
1258 4722 1298 4767 est
1306 4715 1384 4766 Fsul·

37 4795 159 4851 habemas
179 4791 270 4845 similis
282 4789 448 4842 defenderunt
458 4788 595 4847 Barbatus,
611 4786 747 4854 Negotia.
759 4787 884 4856 sanger,
903 4794 1028 4839 cometam
1045 4789 1152 4872 maxime
1165 4794 1309 4854 permutes
1322 4786 1383 4838 sunl
