3194 5482
568 242 880 347 censeamusque.
1102 324 1112 333 .
1351 259 1391 328 79

11 432 17 508 i
81 427 139 489 solus
153 444 242 506 supra
257 427 399 498 Terram,
416 423 459 486 sic
473 429 509 486 ut
524 422 618 487 Orion
635 430 750 506 quoque
767 431 886 499 exstet;
905 441 944 484 ne
960 423 1072 496 dicam,
1088 422 1167 509 quod
1182 414 1319 503 exiguum
1334 424 1391 485 hoc

10 509 14 570 ἔ
74 525 112 583 est
125 522 152 577 et
165 514 384 577 imbecillitatis
407 521 632 594 argumentum,
653 515 786 576 Martem
808 513 851 576 sic
874 532 941 575 esse
963 531 1071 593 supra,
1093 512 1172 574 utin
1189 513 1392 594 duodecimam

75 605 154 667 cadat
181 598 220 683 8)
236 603 333 667 Orion
348 603 379 665 in
394 611 521 683 utroque
538 603 704 683 schemate,
717 602 814 683 magis
830 602 977 665 tamenin
993 601 1153 682 posteriori
1169 621 1258 681 supra
1268 603 1391 664 Terram

74 693 279 773 etccnepicnus
295 699 353 754 est
403 717 407 725 ·
1094 752 1097 753 a
1351 716 1353 723 ’

142 779 244 852 Quare
260 782 358 843 minus
376 781 441 860 jam
457 780 576 855 dubito,
598 781 668 861 quin
685 787 738 841 aut
753 780 894 861 Nigidius
916 780 973 844 hcc
988 779 1085 859 ipsum
1105 780 1254 859 posterius
1271 780 1392 841 schema

72 872 230 951 hspexerit,
247 878 302 937 aut
316 871 457 932 Lucanus
472 870 529 930 hoc
546 870 583 930 de
598 869 720 949 Nigidio
736 868 866 931 finxerit.
896 868 1021 950 Uncque
1033 869 1099 948 jam
1114 876 1289 948 argumento
1306 869 1391 930 locu-

69 961 196 1041 pletiores
219 967 293 1022 sunt
315 958 505 1038 chronologi,
530 958 579 1038 qui
601 958 718 1020 initium
740 958 811 1026 belli
835 956 930 1019 civilis
953 977 1031 1019 anno
1055 957 1298 1041 quinquagesimo
1321 967 1391 1020 ante

70 1051 199 1111 uitatem
222 1048 340 1112 Christi
364 1066 509 1110 annorum
530 1048 677 1126 epocham
699 1047 887 1110 adscribunt:
918 1065 984 1108 cum
1006 1047 1082 1108 haec
1110 1068 1128 1106 a
1149 1046 1272 1108 Lucano
1298 1045 1394 1108 citata
1445 1075 1448 1083 ·

10 1207 11 1210 Ἴ
68 1138 247 1202 constellatio
269 1138 299 1199 in
323 1135 598 1200 eundemincidat:
615 1136 648 1214 *si
668 1136 756 1197 modo
780 1155 901 1216 scopum
924 1155 962 1196 ex
984 1135 1107 1196 Lucano
1128 1136 1316 1217 propositum
1336 1136 1394 1198 hac

68 1229 183 1306 bcapailq
202 1227 269 1288 sive
286 1247 443 1311 στοχασμῳ
458 1225 579 1306 penitus
596 1224 766 1306 attighuus:
792 1225 827 1286 de
845 1243 901 1306 quo
918 1225 1093 1304 peritiorum
1108 1223 1139 1286 in
1155 1225 1279 1306 antiqua
1294 1225 1393 1287 histo·
1440 1294 1442 1298 ,
1539 1249 1541 1256 ·

68 1318 102 1378 n's
110 1316 257 1396 judicium
273 1322 350 1388 esto,
366 1315 414 1395 qui
431 1315 468 1377 de
483 1315 541 1376 hcc
555 1315 590 1376 P.
605 1313 727 1393 Nigidio
744 1314 845 1376 forsan
862 1313 948 1394 plura
964 1313 1073 1394 legire.

136 1406 181 1467 Ut
196 1413 302 1467 antem
316 1405 407 1465 etiam
422 1404 459 1465 de
480 1403 533 1465 illa
547 1403 757 1482 explicatione,
775 1422 850 1482 quae
867 1403 968 1464 verbis
977 1402 1092 1464 Lucani
1103 1407 1153 1472 tab
1162 1406 1302 1471 lienem)
1321 1403 1393 1464 sub-

10 1521 11 1534 *
63 1493 155 1574 juncta
164 1501 224 1569 est,
242 1494 354 1575 aliquid
366 1493 471 1567 dicam,
480 1493 607 1573 primum
617 1510 653 1554 ea
663 1512 722 1554 uon
733 1492 872 1571 congruit
881 1499 1025 1572 tempore.
1044 1490 1122 1553 Nam
1134 1491 1394 1554 constellationem

66 1591 174 1664 oportet
189 1583 304 1644 bellum
320 1581 406 1643 civile
416 1582 552 1661 Pompeji
569 1580 754 1644 ethesaris
769 1582 960 1661 praecedere.
984 1576 1132 1655 Deindeli
1149 1579 1178 1642 in
1194 1596 1249 1653 m,
1266 1576 1305 1656 Q
1323 1580 1353 1642 in
1370 1584 1391 1655 ii

65 1692 208 1752 reponere,
224 1671 346 1733 videtur
355 1670 473 1734 omnino
484 1670 584 1738 sensui
593 1669 709 1732 Lucani
720 1671 911 1732 contrarium.
935 1671 1038 1732 Tertio
1047 1669 1175 1732 admitto
1186 1668 1304 1749 quidem
1313 1668 1394 1756 illud
1436 1712 1438 1717 -
1541 1733 1545 1749 ,

64 1761 128 1842 quod
136 1761 264 1841 Jupiter
277 1760 346 1821 ideo
363 1760 480 1822 dicatur
494 1760 524 1821 in
541 1760 604 1821 alto
621 1779 698 1833 esse,
713 1759 782 1840 quia
797 1759 828 1821 in
838 1773 871 1826 ee
887 1767 944 1833 est,
960 1773 1066 1839 nempe
1081 1760 1112 1821 in
1122 1777 1184 1820 ›sua
1193 1758 1393 1820 exaltatione:

8 1904 9 1910 ,
65 1851 107 1911 sed
123 1846 163 1927 Q
180 1851 213 1911 in
230 1853 254 1925 ii
270 1856 413 1911 versante
428 1849 549 1929 Jupiter
565 1849 608 1909 sic
624 1845 789 1910 collocatus
804 1867 864 1910 non
881 1848 991 1910 occidit
1011 1845 1138 1928 vespere
1154 1866 1249 1927 neque
1266 1848 1394 1909 cosmica

64 1959 146 2020 neque
161 1938 299 2012 beliaco,
323 1938 393 2019 quin
414 1938 516 2018 potius
537 1946 663 2019 utroque
687 1938 774 2000 modo
790 1955 878 1999 mane
902 1937 1004 1999 oritur.
1032 1930 1163 2009 ¹Quarto,
1180 1932 1219 2012 Q
1237 1936 1266 1997 in
1283 1941 1307 2013 ii
1323 1956 1393 1998 ver-

64 2035 138 2093 esnte
157 2027 182 2100 Q
200 2047 262 2089 non
278 2034 383 2107 potest
398 2027 427 2089 iu
442 2027 500 2089 fine
517 2026 544 2102 ὅ
560 2047 642 2101 esse;
667 2046 736 2089 uam
751 2026 837 2087 limes
852 2026 947 2107 ipsius
963 2048 982 2088 a
996 2025 1068 2088 Sole
1085 2025 1258 2104 evagationi
1277 2025 1394 2106 positus

64 2126 102 2178 cst
116 2117 155 2178 ed
170 2112 243 2179 49⁰.
282 2114 363 2186 Quin
379 2117 495 2196 potius,
516 2117 568 2178 ubi
584 2116 648 2196 ejus
664 2115 858 2178 commutatio
875 2123 923 2177 est
939 2118 959 2177 2
975 2133 1154 2194 sexagenas,
1178 2110 1219 2190 Q
1236 2114 1266 2176 in
1282 2119 1307 2190 ii
1321 2133 1394 2177 ver·
1418 2167 1422 2173 .

65 2213 149 2280 sante,
164 2207 235 2287 ipsa
252 2206 311 2267 erit
326 2205 357 2266 in
372 2215 413 2291 tp,
429 2224 505 2287 quae
522 2210 610 2267 c'asus
626 2205 756 2267 Veneris
773 2204 890 2266 dicitur.
926 2203 1073 2267 Similiter
1087 2203 1138 2266 ubi
1152 2204 1294 2265 Mercurii
1311 2221 1394 2266 com-

64 2295 179 2356 mutatio
201 2302 252 2356 est
275 2296 311 2355 θ’·
323 2289 383 2356 28⁰
398 2294 445 2368 4‘,
464 2294 590 2374 planeta
604 2293 686 2355 ultra
701 2294 804 2356 Solem
820 2313 887 2356 esse
904 2294 996 2367 solet,
1018 2293 1116 2373 igitur,
1131 2293 1161 2355 in
1177 2292 1394 2373 posterioribus

63 2384 190 2463 pertibus
199 2383 323 2447 Leonis.
355 2379 456 2453 Quare
472 2383 733 2463 congmenticrem
746 2384 869 2446 Lucano
886 2381 1148 2446 constellationem
1163 2383 1288 2463 reperiri
1304 2403 1394 2464 posse

64 2491 112 2534 non
126 2473 228 2535 credo.
1106 2501 1107 2511 ι
1322 2506 1324 2510 -
1351 2509 1355 2515 -

77 2734 80 2739 ,
120 2685 163 2736 Ad
174 2685 241 2735 hsec
254 2683 401 2735 Henartus
412 2685 539 2750 respondit
551 2680 583 2746 (d.
596 2683 639 2734 24.
651 2645 706 2735 oe.
723 2678 812 2748 isim:
910 2650 912 2655 Ι

125 2808 215 2860 Salute
235 2816 262 2860 et
286 2809 419 2859 citiciomm
434 2810 623 2874 'studicmmque
641 2809 763 2859 oblatione
782 2809 924 2872 praemissis
943 2809 1073 2858 certiorem
1090 2812 1116 2857 te
1134 2806 1237 2858 reddere
1253 2805 1332 2866 volui,
1349 2806 1397 2858 Vir

63 2878 217 2939 Dochssime,
242 2880 330 2931 literas
348 2896 389 2930 me
408 2887 465 2930 tuas
485 2881 525 2931 12.
543 2880 611 2945 Sept.
632 2880 704 2930 dates
735 2881 799 2929 bene
823 2879 921 2945 quidem
947 2887 1061 2930 ettamen
1083 2878 1201 2929 hesterna
1231 2879 1329 2930 demum
1356 2879 1394 2929 die

64 2955 188 3016 occepisse.
431 3010 435 3019 ,
562 2995 564 2998 ,

119 3024 246 3073 Laetatur
258 3023 295 3072 tui
306 3035 468 3087 summopere,
486 3037 541 3072 cum
554 3022 600 3072 nisi
613 3036 653 3072 me
666 3023 762 3072 animus
774 3022 848 3086 plene
861 3021 942 3080 fallat,
954 3023 1134 3086 perspexerim,
1150 3020 1196 3071 tihi
1207 3021 1271 3071 haec
1284 3026 1310 3071 et
1321 3021 1394 3085 hujus

7 3135 8 3138 ,
61 3095 270 3158 promomine,
288 3100 363 3158 atquc
375 3096 521 3159 praesertim
534 3095 610 3144 etiam
624 3094 713 3144 calculi
732 3092 843 3142 laborem
860 3101 886 3145 et
905 3094 1016 3143 taedium
1034 3108 1081 3142 non
1094 3107 1148 3142 esse
1170 3095 1237 3145 oneri
1250 3100 1276 3142 et
1287 3093 1394 3143 fastidio.
1474 3143 1479 3151 ,

62 3164 108 3226 Qus
119 3180 163 3231 spe
177 3167 258 3216 fretus
271 3172 298 3215 et
309 3164 430 3214 desiderio
443 3166 555 3214 veritatis
567 3165 727 3229 inquirendae
739 3164 857 3233 flagrans,
869 3165 978 3228 inprimis
991 3166 1130 3228 opinionem
1142 3164 1211 3214 illam
1222 3171 1302 3222 tuam,
1320 3178 1394 3229 quam

5 3238 8 3257 ⁶
60 3238 208 3302 inprincipic
221 3237 252 3286 dc
266 3237 350 3299 eclipsi
364 3234 427 3286 Solis
439 3237 464 3285 in
476 3237 586 3300 Aquario
602 3236 642 3286 vel
654 3235 765 3286 Piscibus
782 3238 864 3300 potius
881 3237 984 3294 invenio,
1002 3249 1094 3300 augere
1108 3235 1179 3286 volui.
1210 3235 1276 3287 Nem
1290 3237 1341 3299 ipso
1354 3235 1395 3284 illo

5 3312 7 3373 Ῐ
60 3321 114 3358 enno
135 3314 196 3358 ante
211 3307 269 3358 Chr.
282 3307 323 3356 51.
344 3313 470 3366 currente,
490 3321 535 3356 acu
554 3309 624 3357 annis
641 3307 771 3370 Aegyptiis
791 3307 836 3365 50,
855 3307 878 3357 d.
898 3306 957 3357 312.
976 3304 1021 3357 26¹
1039 3307 1074 3356 4⁶¹
1092 3303 1136 3354 2‘¹‘
1153 3306 1201 3356 luit
1214 3321 1274 3356 vcra
1286 3306 1393 3369 synodus

60 3377 184 3430 Bumssiae
198 3379 345 3443 aequaliter,
358 3379 402 3428 sed
408 3376 665 3441 Romae'sppsrenter
676 3386 731 3441 post
737 3379 865 3428 meridiem
874 3379 899 3427 0.
910 3375 953 3427 59‘
967 3374 1024 3428 10“.
1046 3376 1111 3438 „Vrsa
1123 3378 1219 3441 copula,
1232 3389 1277 3427 seu
1287 3378 1407 3428 medium

5 3455 14 3540 q
59 3452 172 3516 eclipseos
184 3467 209 3509 p.
222 3466 255 3499 ιιι.
268 3449 291 3498 h.
305 3449 330 3498 2.
345 3449 387 3499 ]2’
401 3448 458 3507 10”,
473 3449 616 3501 deiecerunt
628 3449 699 3514 digiti
708 3447 741 3514 i).
755 3449 789 3509 2‘,
802 3449 859 3499 Sole
871 3451 896 3499 in
911 3444 956 3498 14⁰
968 3449 1013 3498 20¹
1029 3444 1125 3510 39⁴⁴*
1135 3451 1270 3507 existente,
1290 3449 1394 3499 simodo

57 3524 129 3584 jutus
143 3529 184 3571 est
197 3521 316 3570 menius.
342 3517 412 3578 Quae
424 3519 487 3569 forts
501 3520 599 3584 eclipsis
612 3520 704 3584 aliquid
717 3520 749 3569 ad
761 3535 814 3570 rem
826 3520 962 3569 conducere
975 3520 1084 3577 videtur,
1104 3533 1160 3569 cum
1172 3519 1289 3570 Lucanus
1303 3520 1393 3570 ibidem

58 3586 143 3656 um)
158 3592 281 3657 eclipseos
301 3589 386 3654 (quom
405 3590 554 3655 tamenhoc
573 3598 684 3655 tempore
703 3608 751 3650 non
770 3587 875 3654 invenio)
893 3605 966 3656 quam
986 3598 1013 3640 et
1031 3590 1094 3640 Solis
1114 3590 1227 3641 deiectus
1246 3593 1393 3642 meminerit

6 3724 7 3728 Ἰ
59 3662 100 3713 Sed
111 3662 188 3728 quid?
214 3663 329 3712 Paenitet
341 3662 516 3726 propemodum
535 3677 574 3712 me
593 3663 657 3714 haec
669 3662 789 3720 scribere,
810 3676 866 3712 cum
878 3659 979 3720 vereor,
994 3676 1025 3711 ne
1039 3662 1131 3725 absque
1151 3663 1199 3713 elic
1217 3664 1349 3714 concludas
1363 3663 1393 3713 de

5 3728 8 3823 'q
49 3735 172 3799 ¹ipsissimo
191 3734 235 3784 illc
254 3747 318 3784 cunc
336 3734 376 3784 rel
388 3740 496 3798 tempore
513 3734 708 3784 observationem
720 3735 801 3800 Figuli
814 3733 983 3798 accipiendam
996 3748 1065 3792 esse,
1085 3749 1141 3782 cum
1154 3735 1309 3793 multocius,
1328 3747 1393 3800 quae

59 3821 147 3856 mmme
160 3806 335 3870 refragentur,
355 3806 420 3854 inter
432 3818 495 3869 quac
509 3807 586 3854 etiam
603 3805 663 3854 illud
681 3808 741 3862 erit,
761 3805 827 3869 quod
843 3806 906 3856 hsec
923 3806 979 3869 ipss
994 3818 1046 3855 una
1063 3805 1200 3870 eademque
1214 3805 1311 3869 eclipsis
1324 3813 1350 3855 et
1363 3804 1393 3854 ob

59 3876 188 3928 smmum
200 3879 228 3926 in
240 3882 287 3925 τε
299 3876 485 3926 inundationem
494 3883 522 3925 et
533 3875 562 3926 cb
576 3872 609 3938 Θ
621 3878 647 3927 in
660 3871 685 3942 il
703 3891 717 3926 e
735 3877 856 3927 diametro
875 3877 998 3926 ffiversnm
1015 3875 1123 3929 incendii
1140 3877 1257 3926 ellectum
1275 3889 1393 3928 causesse

60 3949 178 3998 ridebitur
189 3946 231 3996 rel
243 3947 334 4003 saltem
347 3947 482 3997 admisisse.
900 3994 901 3997 ,

120 4020 301 4087 ῦοωιιιιιιὶοςο
312 4018 396 4067 multis
408 4015 558 4075 rationibus,
578 4031 639 4081 quas
656 4017 724 4067 nullo
740 4019 839 4082 negotio
855 4017 945 4067 afferre
961 4032 1071 4083 possem,
1091 4019 1226 4077 adductus,
1246 4018 1320 4082 plane
1333 4018 1393 4068 mihi

59 4092 200 4154 persuadeo,
214 4090 280 4139 banc
292 4091 371 4152 ipsam
384 4103 401 4137 a
411 4088 499 4153 Figulo
512 4089 623 4139 habitam
637 4089 833 4147 observationem
846 4090 987 4147 coelestem,
1001 4090 1118 4154 quidquid
1130 4090 1198 4140 dicat
1209 4091 1332 4148 Lucanus,
1350 4092 1393 4154 qui

57 4161 209 4211 snbNerone
222 4161 322 4210 demum
334 4161 398 4209 haec
416 4162 524 4224 scripsit,
543 4174 700 4225 nequaquam
719 4159 749 4209 de
768 4160 794 4209 C.
808 4159 858 4210 Jul.
872 4159 980 4236 Caesare
1000 4169 1027 4210 et
1045 4164 1098 4223 ejus
1117 4176 1174 4212 cunr
1190 4161 1308 4226 Pompeio
1327 4161 1393 4211 civili

58 4231 123 4291 bello,
137 4233 184 4283 ssd
196 4232 229 4281 de
241 4229 314 4280 bellis
327 4231 437 4280 civilibus
449 4230 558 4295 Augusti
571 4232 740 4294 accipiendam
754 4245 817 4281 esse.
846 4232 955 4297 Augusti
967 4234 1032 4285 enim
1044 4246 1094 4295 psx
1108 4233 1206 4282 demum
1218 4247 1273 4281 cum
1287 4232 1392 4284 Domino

57 4307 124 4364 renis,
138 4310 165 4354 et
177 4304 211 4352 de
224 4304 277 4367 ipsc
288 4302 330 4350 illo
339 4303 451 4367 Augusto
461 4302 562 4367 Figulus
574 4303 615 4352 ille
628 4306 688 4365 ipse,
699 4317 754 4351 cum
766 4309 840 4352 natus
853 4310 919 4352 esset
931 4305 1072 4369 Augustus,
1091 4306 1158 4367 patri
1171 4308 1223 4366 eius
1235 4308 1300 4353 teste
1313 4303 1399 4372 Dione!

57 4377 184 4437 praedixit:
206 4368 338 4436 Aeoocsqs
352 4367 410 4436 q‘psc
422 4367 562 4438 s’yequoca
588 4373 638 4423 Sed
650 4388 705 4423 cum
718 4386 808 4423 causas
821 4375 889 4433 illas,
908 4389 972 4438 quae
984 4390 1024 4425 me
1037 4376 1061 4423 in
1073 4374 1138 4424 hanc
1151 4376 1300 4423 sententiam
1314 4374 1391 4424 dedu·
1430 4420 1432 4423 .

58 4455 116 4504 cunt,
129 4459 264 4496 recensere
276 4444 377 4509 longum
389 4445 460 4503 icret,
474 4447 550 4494 etiem
563 4451 638 4508 atque
652 4447 727 4495 etism
740 4459 806 4509 rogo,
819 4453 848 4494 ut
859 4448 957 4495 interim
966 4447 1026 4496 mihi
1038 4447 1172 4495 etreritsti
1182 4445 1311 4509 concedas,
1324 4445 1393 4495 aliud

11 4539 13 4547 a
57 4518 122 4579 piane
133 4526 234 4583 tempus
245 4518 315 4566 intrs
326 4516 418 4571 limites
430 4519 593 4579 praescriptos
606 4530 660 4565 esse
673 4516 855 4580 quaerendum,
873 4519 914 4567 cni
922 4519 1018 4581 positus
1031 4517 1093 4566 coeli
1106 4529 1122 4566 a
1133 4516 1233 4566 Lucano
1245 4517 1391 4582 designatus

57 4592 206 4654 respondeat
235 4588 273 4650 At
284 4601 342 4636 vero
355 4600 412 4636 cum
423 4586 534 4646 videam,
552 4595 579 4636 te
591 4587 666 4635 rerba
682 4588 737 4650 ipss
754 4594 781 4636 et
792 4602 891 4637 sensum
903 4589 998 4638 Lucani
1017 4588 1088 4651 louge
1107 4587 1181 4637 aliter
1199 4600 1273 4650 quam
1286 4602 1303 4637 a
1314 4603 1353 4638 me
1367 4595 1393 4638 et

60 4660 105 4710 siis
116 4667 281 4712 assumuntur
293 4660 415 4722 accipere,
429 4658 501 4707 velim
513 4664 539 4708 te
552 4672 631 4723 aequo
644 4664 670 4706 et
679 4650 765 4708 screno
777 4659 859 4708 enimc
871 4660 1035 4715 considerare,
1052 4672 1100 4706 uon
1113 4658 1174 4706 satis
1186 4660 1274 4708 rationi
1288 4673 1391 4710 consen·

59 4736 159 4793 imaum,
173 4733 221 4783 sed
233 4731 355 4782 absonum
367 4731 447 4792 potius
459 4729 578 4798 riderisi
590 4728 760 4788 admittamus,
776 4729 906 4780 Lucanum
917 4736 955 4779 tot
968 4735 993 4781 et
1005 4735 1057 4778 tam
1068 4729 1201 4792 phalerata
1212 4731 1287 4780 rerba
1300 4731 1330 4780 de
1343 4733 1391 4783 hec

59 4804 220 4874 praedicem
231 4800 316 4868 Figuli
329 4813 361 4850 ex
372 4799 541 4852 observatione
554 4799 656 4852 coelesti
668 4797 799 4864 depromta
809 4802 961 4864 profudisse,
981 4807 1008 4850 et
1019 4801 1118 4857 interim
1128 4800 1185 4850 locs
1195 4802 1250 4865 ipss
1261 4803 1389 4853 stellmus
