<?xml version="1.0" encoding="UTF-8"?>
<!DOCTYPE html PUBLIC "-//W3C//DTD XHTML 1.0 Transitional//EN"
    "http://www.w3.org/TR/xhtml1/DTD/xhtml1-transitional.dtd">
<html xmlns="http://www.w3.org/1999/xhtml" xml:lang="en" lang="en">
 <head>
  <title>
</title>
<meta http-equiv="Content-Type" content="text/html;charset=utf-8" />
  <meta name='ocr-system' content='tesseract 3.04.00' />
  <meta name='ocr-capabilities' content='ocr_page ocr_carea ocr_par ocr_line ocrx_word'/>
</head>
<body>
  <div class='ocr_page' id='page_1' title='image "./joanniskepleria13frisgoog_0115.png"; bbox 0 0 3142 5476; ppageno 0'>
   <div class='ocr_carea' id='block_1_1' title="bbox 162 247 1097 344">
    <p class='ocr_par' dir='ltr' id='par_1_1' title="bbox 162 247 1097 344">
     <span class='ocr_line' id='line_1_1' title="bbox 162 247 1097 344; baseline 0.004 -20"><span class='ocrx_word' id='word_1_1' title='bbox 162 256 246 333; x_wconf 64' lang='lat'><strong>‘102</strong></span> <span class='ocrx_word' id='word_1_2' title='bbox 275 279 278 289; x_wconf 90' lang='lat'>·</span> <span class='ocrx_word' id='word_1_3' title='bbox 456 247 459 252; x_wconf 70' lang='grc'><em>’</em></span> <span class='ocrx_word' id='word_1_4' title='bbox 599 275 819 343; x_wconf 71' lang='lat' dir='ltr'><strong>momxspse</strong></span> <span class='ocrx_word' id='word_1_5' title='bbox 830 276 1097 344; x_wconf 62' lang='lat' dir='ltr'><strong>eompassus</strong></span> 
     </span>
    </p>
   </div>
   <div class='ocr_carea' id='block_1_2' title="bbox 140 413 1517 1478">
    <p class='ocr_par' dir='ltr' id='par_1_2' title="bbox 140 413 1517 1478">
     <span class='ocr_line' id='line_1_2' title="bbox 179 413 1513 504; baseline -0.004 -20"><span class='ocrx_word' id='word_1_6' title='bbox 179 421 299 498; x_wconf 82' lang='lat' dir='ltr'><strong>circiter</strong></span> <span class='ocrx_word' id='word_1_7' title='bbox 313 428 431 504; x_wconf 81' lang='lat' dir='ltr'><strong>qusrta,</strong></span> <span class='ocrx_word' id='word_1_8' title='bbox 445 436 521 502; x_wconf 86' lang='lat' dir='ltr'><strong>quae</strong></span> <span class='ocrx_word' id='word_1_9' title='bbox 539 437 630 482; x_wconf 90' lang='lat' dir='ltr'><strong>unum</strong></span> <span class='ocrx_word' id='word_1_10' title='bbox 644 418 675 481; x_wconf 94' lang='lat' dir='ltr'><strong>in</strong></span> <span class='ocrx_word' id='word_1_11' title='bbox 690 419 884 502; x_wconf 79' lang='lat' dir='ltr'><strong>quadriennio</strong></span> <span class='ocrx_word' id='word_1_12' title='bbox 905 419 984 482; x_wconf 91' lang='lat' dir='ltr'><strong>diem</strong></span> <span class='ocrx_word' id='word_1_13' title='bbox 1006 418 1177 483; x_wconf 73' lang='lat' dir='ltr'><strong>conficeret</strong></span> <span class='ocrx_word' id='word_1_14' title='bbox 1212 413 1315 489; x_wconf 79' lang='lat' dir='ltr'><strong>Quare</strong></span> <span class='ocrx_word' id='word_1_15' title='bbox 1336 433 1418 498; x_wconf 87' lang='lat' dir='ltr'><strong>agon</strong></span> <span class='ocrx_word' id='word_1_16' title='bbox 1436 413 1513 479; x_wconf 87' lang='lat' dir='ltr'><strong>etin</strong></span> 
     </span>
     <span class='ocr_line' id='line_1_3' title="bbox 140 504 1512 591; baseline -0.006 -17"><span class='ocrx_word' id='word_1_17' title='bbox 140 514 143 521; x_wconf 85' lang='lat'>&#39;</span> <span class='ocrx_word' id='word_1_18' title='bbox 177 510 265 574; x_wconf 83' lang='lat' dir='ltr'>Elide</span> <span class='ocrx_word' id='word_1_19' title='bbox 279 511 351 583; x_wconf 80' lang='lat' dir='ltr'><strong>qui</strong></span> <span class='ocrx_word' id='word_1_20' title='bbox 371 509 511 591; x_wconf 81' lang='lat' dir='ltr'><strong>Olympio</strong></span> <span class='ocrx_word' id='word_1_21' title='bbox 534 515 566 571; x_wconf 90' lang='lat' dir='ltr'><strong>et</strong></span> <span class='ocrx_word' id='word_1_22' title='bbox 580 508 697 575; x_wconf 89' lang='lat' dir='ltr'><strong>Romae</strong></span> <span class='ocrx_word' id='word_1_23' title='bbox 714 507 886 589; x_wconf 83' lang='lat' dir='ltr'><strong>Capitolino</strong></span> <span class='ocrx_word' id='word_1_24' title='bbox 907 509 1009 590; x_wconf 90' lang='lat' dir='ltr'><strong>quinto</strong></span> <span class='ocrx_word' id='word_1_25' title='bbox 1032 527 1148 591; x_wconf 86' lang='lat' dir='ltr'><strong>quoqne</strong></span> <span class='ocrx_word' id='word_1_26' title='bbox 1167 527 1246 570; x_wconf 90' lang='lat' dir='ltr'><strong>anno</strong></span> <span class='ocrx_word' id='word_1_27' title='bbox 1266 506 1413 570; x_wconf 78' lang='lat' dir='ltr'>redeunte</span> <span class='ocrx_word' id='word_1_28' title='bbox 1435 504 1512 566; x_wconf 89' lang='lat' dir='ltr'><strong>cele-</strong></span> 
     </span>
     <span class='ocr_line' id='line_1_4' title="bbox 177 592 1514 680; baseline -0.004 -19"><span class='ocrx_word' id='word_1_29' title='bbox 177 599 291 670; x_wconf 88' lang='lat' dir='ltr'><strong>bratur.</strong></span> <span class='ocrx_word' id='word_1_30' title='bbox 336 599 394 662; x_wconf 89' lang='lat' dir='ltr'><strong>Hic</strong></span> <span class='ocrx_word' id='word_1_31' title='bbox 410 616 482 678; x_wconf 89' lang='lat' dir='ltr'><strong>ergo</strong></span> <span class='ocrx_word' id='word_1_32' title='bbox 499 594 683 662; x_wconf 81' lang='lat' dir='ltr'><strong>Censorinus</strong></span> <span class='ocrx_word' id='word_1_33' title='bbox 699 604 757 660; x_wconf 87' lang='lat' dir='ltr'><strong>nno</strong></span> <span class='ocrx_word' id='word_1_34' title='bbox 774 598 882 680; x_wconf 89' lang='lat' dir='ltr'><strong>spiritu</strong></span> <span class='ocrx_word' id='word_1_35' title='bbox 898 598 1010 673; x_wconf 90' lang='lat' dir='ltr'><strong>omnia,</strong></span> <span class='ocrx_word' id='word_1_36' title='bbox 1030 617 1107 680; x_wconf 89' lang='lat' dir='ltr'><strong>qnae</strong></span> <span class='ocrx_word' id='word_1_37' title='bbox 1122 614 1178 677; x_wconf 91' lang='lat' dir='ltr'><strong>ego</strong></span> <span class='ocrx_word' id='word_1_38' title='bbox 1194 596 1311 677; x_wconf 83' lang='lat' dir='ltr'>prolixe</span> <span class='ocrx_word' id='word_1_39' title='bbox 1327 614 1367 657; x_wconf 87' lang='lat' dir='ltr'><strong>ex</strong></span> <span class='ocrx_word' id='word_1_40' title='bbox 1382 592 1514 656; x_wconf 80' lang='lat' dir='ltr'>obscuris</span> 
     </span>
     <span class='ocr_line' id='line_1_5' title="bbox 177 687 1274 759; baseline -0.005 -9"><span class='ocrx_word' id='word_1_41' title='bbox 177 687 344 750; x_wconf 76' lang='lat' dir='ltr'><strong>hariolatus</strong></span> <span class='ocrx_word' id='word_1_42' title='bbox 359 705 434 753; x_wconf 76' lang='lat' dir='ltr'><strong>sum.</strong></span> <span class='ocrx_word' id='word_1_43' title='bbox 590 704 594 707; x_wconf 68' lang='grc'><em>“</em></span> <span class='ocrx_word' id='word_1_44' title='bbox 755 746 756 751; x_wconf 71' lang='grc'>,</span> <span class='ocrx_word' id='word_1_45' title='bbox 1268 749 1274 759; x_wconf 45' lang='grc'>,</span> 
     </span>
     <span class='ocr_line' id='line_1_6' title="bbox 194 761 1515 854; baseline -0.002 -15"><span class='ocrx_word' id='word_1_46' title='bbox 194 837 198 839; x_wconf 74' lang='grc'><strong>,</strong></span> <span class='ocrx_word' id='word_1_47' title='bbox 256 770 324 854; x_wconf 24' lang='grc'><strong>[32)</strong></span> <span class='ocrx_word' id='word_1_48' title='bbox 347 775 427 837; x_wconf 87' lang='lat' dir='ltr'><strong>Vide</strong></span> <span class='ocrx_word' id='word_1_49' title='bbox 441 782 477 839; x_wconf 92' lang='lat' dir='ltr'><strong>ut</strong></span> <span class='ocrx_word' id='word_1_50' title='bbox 490 775 548 836; x_wconf 88' lang='lat' dir='ltr'><strong>huc</strong></span> <span class='ocrx_word' id='word_1_51' title='bbox 563 774 658 839; x_wconf 84' lang='lat' dir='ltr'><strong>faciat</strong></span> <span class='ocrx_word' id='word_1_52' title='bbox 678 795 774 839; x_wconf 88' lang='lat' dir='ltr'><strong>annus</strong></span> <span class='ocrx_word' id='word_1_53' title='bbox 788 761 931 839; x_wconf 80' lang='lat' dir='ltr'><strong>Indorum</strong></span> <span class='ocrx_word' id='word_1_54' title='bbox 951 793 990 838; x_wconf 89' lang='lat' dir='ltr'><strong>ex</strong></span> <span class='ocrx_word' id='word_1_55' title='bbox 1011 774 1163 837; x_wconf 88' lang='lat' dir='ltr'><strong>mensibus</strong></span> <span class='ocrx_word' id='word_1_56' title='bbox 1182 765 1274 853; x_wconf 66' lang='lat'><strong>12¹1,</strong></span> <span class='ocrx_word' id='word_1_57' title='bbox 1303 771 1383 836; x_wconf 85' lang='lat' dir='ltr'><strong>Plio.</strong></span> <span class='ocrx_word' id='word_1_58' title='bbox 1397 769 1467 834; x_wconf 83' lang='lat' dir='ltr'><strong>Lib.</strong></span> <span class='ocrx_word' id='word_1_59' title='bbox 1479 770 1515 836; x_wconf 77' lang='lat' dir='ltr'><strong>u.</strong></span> 
     </span>
     <span class='ocr_line' id='line_1_7' title="bbox 265 857 1516 944; baseline -0.005 -17"><span class='ocrx_word' id='word_1_60' title='bbox 265 857 324 940; x_wconf 86' lang='lat'><strong>33)</strong></span> <span class='ocrx_word' id='word_1_61' title='bbox 348 862 477 930; x_wconf 83' lang='lat' dir='ltr'><strong>Omnino</strong></span> <span class='ocrx_word' id='word_1_62' title='bbox 494 863 621 944; x_wconf 92' lang='lat' dir='ltr'><strong>quidem,</strong></span> <span class='ocrx_word' id='word_1_63' title='bbox 637 863 663 925; x_wconf 93' lang='lat' dir='ltr'><strong>si</strong></span> <span class='ocrx_word' id='word_1_64' title='bbox 678 864 775 928; x_wconf 87' lang='lat' dir='ltr'><strong>libeat</strong></span> <span class='ocrx_word' id='word_1_65' title='bbox 790 865 952 929; x_wconf 87' lang='lat' dir='ltr'><strong>observare</strong></span> <span class='ocrx_word' id='word_1_66' title='bbox 967 863 1103 927; x_wconf 91' lang='lat' dir='ltr'><strong>minimos</strong></span> <span class='ocrx_word' id='word_1_67' title='bbox 1119 862 1258 938; x_wconf 86' lang='lat' dir='ltr'><strong>ambitus,</strong></span> <span class='ocrx_word' id='word_1_68' title='bbox 1278 861 1380 924; x_wconf 89' lang='lat' dir='ltr'><strong>redire</strong></span> <span class='ocrx_word' id='word_1_69' title='bbox 1396 860 1516 924; x_wconf 89' lang='lat' dir='ltr'><strong>easdem</strong></span> 
     </span>
     <span class='ocr_line' id='line_1_8' title="bbox 177 947 1515 1035; baseline -0.001 -22"><span class='ocrx_word' id='word_1_70' title='bbox 177 952 260 1017; x_wconf 87' lang='lat' dir='ltr'><strong>vices</strong></span> <span class='ocrx_word' id='word_1_71' title='bbox 271 952 476 1035; x_wconf 17' lang='lat' dir='ltr'><strong>,padnensis</strong></span> <span class='ocrx_word' id='word_1_72' title='bbox 497 959 606 1014; x_wconf 88' lang='lat' dir='ltr'><strong>exacto</strong></span> <span class='ocrx_word' id='word_1_73' title='bbox 620 952 766 1017; x_wconf 78' lang='lat' dir='ltr'><strong>Eudoxus</strong></span> <span class='ocrx_word' id='word_1_74' title='bbox 785 961 887 1034; x_wconf 91' lang='lat' dir='ltr'><strong>putat,</strong></span> <span class='ocrx_word' id='word_1_75' title='bbox 909 973 969 1016; x_wconf 92' lang='lat' dir='ltr'><strong>non</strong></span> <span class='ocrx_word' id='word_1_76' title='bbox 979 961 1142 1016; x_wconf 53' lang='lat' dir='ltr'><strong>»ventorum</strong></span> <span class='ocrx_word' id='word_1_77' title='bbox 1157 951 1262 1026; x_wconf 89' lang='lat' dir='ltr'><strong>modo,</strong></span> <span class='ocrx_word' id='word_1_78' title='bbox 1276 968 1383 1012; x_wconf 87' lang='lat' dir='ltr'><strong>verum</strong></span> <span class='ocrx_word' id='word_1_79' title='bbox 1398 956 1434 1012; x_wconf 91' lang='lat' dir='ltr'><strong>et</strong></span> <span class='ocrx_word' id='word_1_80' title='bbox 1447 947 1515 1011; x_wconf 88' lang='lat' dir='ltr'><strong>reli·</strong></span> 
     </span>
     <span class='ocr_line' id='line_1_9' title="bbox 177 1029 1516 1123; baseline -0.004 -18"><span class='ocrx_word' id='word_1_81' title='bbox 177 1060 303 1123; x_wconf 89' lang='lat' dir='ltr'><strong>quarum</strong></span> <span class='ocrx_word' id='word_1_82' title='bbox 324 1047 541 1122; x_wconf 72' lang='lat' dir='ltr'><strong>tempestatum</strong></span> <span class='ocrx_word' id='word_1_83' title='bbox 563 1060 674 1122; x_wconf 88' lang='lat' dir='ltr'><strong>magna</strong></span> <span class='ocrx_word' id='word_1_84' title='bbox 695 1061 734 1104; x_wconf 91' lang='lat' dir='ltr'><strong>ex</strong></span> <span class='ocrx_word' id='word_1_85' title='bbox 755 1051 852 1123; x_wconf 87' lang='lat' dir='ltr'><strong>parts.</strong></span> <span class='ocrx_word' id='word_1_86' title='bbox 887 1042 948 1107; x_wconf 84' lang='lat' dir='ltr'><strong>Est</strong></span> <span class='ocrx_word' id='word_1_87' title='bbox 969 1042 1145 1123; x_wconf 87' lang='lat' dir='ltr'><strong>principium</strong></span> <span class='ocrx_word' id='word_1_88' title='bbox 1166 1040 1255 1104; x_wconf 80' lang='lat' dir='ltr'><strong>lustri</strong></span> <span class='ocrx_word' id='word_1_89' title='bbox 1278 1039 1344 1119; x_wconf 83' lang='lat' dir='ltr'><strong>ejus</strong></span> <span class='ocrx_word' id='word_1_90' title='bbox 1367 1029 1516 1119; x_wconf 81' lang='lat' dir='ltr'><strong>(Eudoxi)</strong></span> 
     </span>
     <span class='ocr_line' id='line_1_10' title="bbox 177 1126 1516 1211; baseline -0.002 -19"><span class='ocrx_word' id='word_1_91' title='bbox 177 1147 296 1211; x_wconf 84' lang='lat' dir='ltr'><strong>semper</strong></span> <span class='ocrx_word' id='word_1_92' title='bbox 317 1129 491 1193; x_wconf 87' lang='lat' dir='ltr'><strong>intercalari</strong></span> <span class='ocrx_word' id='word_1_93' title='bbox 514 1149 609 1204; x_wconf 87' lang='lat' dir='ltr'><strong>auno,</strong></span> <span class='ocrx_word' id='word_1_94' title='bbox 638 1130 792 1195; x_wconf 88' lang='lat' dir='ltr'><strong>caniculae</strong></span> <span class='ocrx_word' id='word_1_95' title='bbox 815 1140 891 1194; x_wconf 86' lang='lat' dir='ltr'><strong>ortu</strong></span> <span class='ocrx_word' id='word_1_96' title='bbox 936 1131 1016 1195; x_wconf 85' lang='lat' dir='ltr'><strong>Vide</strong></span> <span class='ocrx_word' id='word_1_97' title='bbox 1038 1150 1129 1211; x_wconf 62' lang='lat' dir='ltr'><strong>ergop</strong></span> <span class='ocrx_word' id='word_1_98' title='bbox 1153 1150 1193 1195; x_wconf 94' lang='lat' dir='ltr'><strong>an</strong></span> <span class='ocrx_word' id='word_1_99' title='bbox 1213 1129 1361 1191; x_wconf 85' lang='lat' dir='ltr'><strong>Eudoxus</strong></span> <span class='ocrx_word' id='word_1_100' title='bbox 1384 1126 1516 1190; x_wconf 81' lang='lat' dir='ltr'><strong>Metonis</strong></span> 
     </span>
     <span class='ocr_line' id='line_1_11' title="bbox 180 1218 1337 1301; baseline -0.005 -17"><span class='ocrx_word' id='word_1_101' title='bbox 180 1239 291 1284; x_wconf 89' lang='lat' dir='ltr'><strong>annum</strong></span> <span class='ocrx_word' id='word_1_102' title='bbox 305 1218 455 1293; x_wconf 87' lang='lat' dir='ltr'><strong>habuerit,</strong></span> <span class='ocrx_word' id='word_1_103' title='bbox 471 1239 511 1283; x_wconf 88' lang='lat' dir='ltr'><strong>an</strong></span> <span class='ocrx_word' id='word_1_104' title='bbox 525 1219 636 1299; x_wconf 91' lang='lat' dir='ltr'><strong>potius,</strong></span> <span class='ocrx_word' id='word_1_105' title='bbox 652 1220 731 1300; x_wconf 90' lang='lat' dir='ltr'><strong>qnod</strong></span> <span class='ocrx_word' id='word_1_106' title='bbox 746 1238 803 1300; x_wconf 91' lang='lat' dir='ltr'><strong>ego</strong></span> <span class='ocrx_word' id='word_1_107' title='bbox 813 1218 880 1300; x_wconf 84' lang='lat' dir='ltr'><strong>jam</strong></span> <span class='ocrx_word' id='word_1_108' title='bbox 895 1227 977 1301; x_wconf 88' lang='lat' dir='ltr'><strong>opto,</strong></span> <span class='ocrx_word' id='word_1_109' title='bbox 992 1228 1128 1284; x_wconf 84' lang='lat' dir='ltr'><strong>veterum</strong></span> <span class='ocrx_word' id='word_1_110' title='bbox 1144 1218 1337 1285; x_wconf 87' lang='lat' dir='ltr'><strong>Graecorum.</strong></span> 
     </span>
     <span class='ocr_line' id='line_1_12' title="bbox 264 1302 1517 1390; baseline -0.003 -19"><span class='ocrx_word' id='word_1_111' title='bbox 264 1302 323 1388; x_wconf 76' lang='lat'><strong>34)</strong></span> <span class='ocrx_word' id='word_1_112' title='bbox 348 1307 435 1372; x_wconf 82' lang='lat' dir='ltr'><strong>Oitat</strong></span> <span class='ocrx_word' id='word_1_113' title='bbox 451 1305 665 1370; x_wconf 89' lang='lat' dir='ltr'><strong>Genebrardus</strong></span> <span class='ocrx_word' id='word_1_114' title='bbox 688 1326 726 1377; x_wconf 79' lang='lat' dir='ltr'><strong>cx</strong></span> <span class='ocrx_word' id='word_1_115' title='bbox 741 1307 964 1390; x_wconf 82' lang='lat' dir='ltr'><strong>Lycophrontis</strong></span> <span class='ocrx_word' id='word_1_116' title='bbox 986 1309 1166 1390; x_wconf 86' lang='lat' dir='ltr'><strong>interprete,</strong></span> <span class='ocrx_word' id='word_1_117' title='bbox 1187 1305 1373 1389; x_wconf 82' lang='lat' dir='ltr'><strong>Olympiada</strong></span> <span class='ocrx_word' id='word_1_118' title='bbox 1388 1303 1517 1386; x_wconf 83' lang='lat' dir='ltr'><strong>spatium</strong></span> 
     </span>
     <span class='ocr_line' id='line_1_13' title="bbox 177 1395 898 1478; baseline -0.006 -18"><span class='ocrx_word' id='word_1_119' title='bbox 177 1416 245 1467; x_wconf 88' lang='lat' dir='ltr'><strong>esse</strong></span> <span class='ocrx_word' id='word_1_120' title='bbox 261 1396 479 1478; x_wconf 85' lang='lat' dir='ltr'><strong>qninquaginta</strong></span> <span class='ocrx_word' id='word_1_121' title='bbox 493 1395 647 1458; x_wconf 91' lang='lat' dir='ltr'><strong>mensium.</strong></span> <span class='ocrx_word' id='word_1_122' title='bbox 703 1443 707 1451; x_wconf 80' lang='lat'><strong>,</strong></span> <span class='ocrx_word' id='word_1_123' title='bbox 897 1408 898 1413; x_wconf 74' lang='grc'>’</span> 
     </span>
    </p>
   </div>
   <div class='ocr_carea' id='block_1_3' title="bbox 177 1570 1519 1782">
    <p class='ocr_par' dir='ltr' id='par_1_3' title="bbox 177 1570 1519 1782">
     <span class='ocr_line' id='line_1_14' title="bbox 246 1570 1519 1641; baseline -0.002 -16"><span class='ocrx_word' id='word_1_124' title='bbox 246 1571 304 1628; x_wconf 82' lang='lat' dir='ltr'><strong>Huc</strong></span> <span class='ocrx_word' id='word_1_125' title='bbox 322 1587 401 1641; x_wconf 84' lang='lat' dir='ltr'><strong>usqne</strong></span> <span class='ocrx_word' id='word_1_126' title='bbox 422 1572 630 1637; x_wconf 83' lang='lat' dir='ltr'><strong>manuscriptum,</strong></span> <span class='ocrx_word' id='word_1_127' title='bbox 656 1587 704 1624; x_wconf 91' lang='lat' dir='ltr'><strong>non</strong></span> <span class='ocrx_word' id='word_1_128' title='bbox 723 1572 754 1623; x_wconf 79' lang='lat' dir='ltr'><strong>sb</strong></span> <span class='ocrx_word' id='word_1_129' title='bbox 773 1572 826 1638; x_wconf 82' lang='lat' dir='ltr'><strong>ipso</strong></span> <span class='ocrx_word' id='word_1_130' title='bbox 844 1572 954 1639; x_wconf 80' lang='lat' dir='ltr'><strong>Ksplero</strong></span> <span class='ocrx_word' id='word_1_131' title='bbox 970 1573 1103 1641; x_wconf 80' lang='lat' dir='ltr'><strong>scripturn,</strong></span> <span class='ocrx_word' id='word_1_132' title='bbox 1122 1573 1191 1624; x_wconf 78' lang='lat' dir='ltr'><strong>deut</strong></span> <span class='ocrx_word' id='word_1_133' title='bbox 1208 1587 1288 1639; x_wconf 81' lang='lat' dir='ltr'><strong>neque</strong></span> <span class='ocrx_word' id='word_1_134' title='bbox 1314 1570 1365 1637; x_wconf 73' lang='lat' dir='ltr'><strong>hac</strong></span> <span class='ocrx_word' id='word_1_135' title='bbox 1386 1574 1519 1636; x_wconf 73' lang='lat' dir='ltr'><strong>⁸0un</strong></span> 
     </span>
     <span class='ocr_line' id='line_1_15' title="bbox 177 1640 1517 1711; baseline -0.004 -17"><span class='ocrx_word' id='word_1_136' title='bbox 177 1645 277 1702; x_wconf 56' lang='lat' dir='ltr'><strong>literam</strong></span> <span class='ocrx_word' id='word_1_137' title='bbox 297 1656 362 1710; x_wconf 84' lang='lat' dir='ltr'><strong>quse</strong></span> <span class='ocrx_word' id='word_1_138' title='bbox 379 1645 493 1708; x_wconf 79' lang='lat' dir='ltr'><strong>integrae</strong></span> <span class='ocrx_word' id='word_1_139' title='bbox 511 1643 611 1711; x_wconf 80' lang='lat' dir='ltr'><strong>quidem</strong></span> <span class='ocrx_word' id='word_1_140' title='bbox 629 1649 774 1709; x_wconf 83' lang='lat' dir='ltr'><strong>supersunt,</strong></span> <span class='ocrx_word' id='word_1_141' title='bbox 798 1645 859 1694; x_wconf 87' lang='lat' dir='ltr'><strong>item</strong></span> <span class='ocrx_word' id='word_1_142' title='bbox 879 1660 936 1696; x_wconf 81' lang='lat' dir='ltr'><strong>raro</strong></span> <span class='ocrx_word' id='word_1_143' title='bbox 953 1645 1041 1696; x_wconf 79' lang='lat' dir='ltr'><strong>omisso</strong></span> <span class='ocrx_word' id='word_1_144' title='bbox 1065 1645 1106 1697; x_wconf 86' lang='lat' dir='ltr'><strong>die</strong></span> <span class='ocrx_word' id='word_1_145' title='bbox 1126 1659 1173 1710; x_wconf 91' lang='lat' dir='ltr'><strong>quo</strong></span> <span class='ocrx_word' id='word_1_146' title='bbox 1195 1643 1269 1695; x_wconf 77' lang='lat' dir='ltr'><strong>datae</strong></span> <span class='ocrx_word' id='word_1_147' title='bbox 1286 1649 1358 1702; x_wconf 85' lang='lat' dir='ltr'><strong>runt,</strong></span> <span class='ocrx_word' id='word_1_148' title='bbox 1381 1640 1517 1707; x_wconf 73' lang='lat' dir='ltr'><strong>qmbnsqne</strong></span> 
     </span>
     <span class='ocr_line' id='line_1_16' title="bbox 178 1710 1518 1782; baseline -0.004 -16"><span class='ocrx_word' id='word_1_149' title='bbox 178 1712 334 1779; x_wconf 68' lang='lat' dir='ltr'><strong>tnbjunxis&#39;se&#39;</strong></span> <span class='ocrx_word' id='word_1_150' title='bbox 351 1715 450 1765; x_wconf 75' lang='lat' dir='ltr'><strong>videtur</strong></span> <span class='ocrx_word' id='word_1_151' title='bbox 462 1714 573 1765; x_wconf 86' lang='lat' dir='ltr'><strong>libellum</strong></span> <span class='ocrx_word' id='word_1_152' title='bbox 592 1729 663 1765; x_wconf 86' lang='lat' dir='ltr'><strong>sunm</strong></span> <span class='ocrx_word' id='word_1_153' title='bbox 682 1715 713 1765; x_wconf 90' lang='lat' dir='ltr'><strong>de</strong></span> <span class='ocrx_word' id='word_1_154' title='bbox 727 1714 790 1764; x_wconf 81' lang='lat' dir='ltr'><strong>Solis</strong></span> <span class='ocrx_word' id='word_1_155' title='bbox 807 1714 914 1782; x_wconf 88' lang='lat' dir='ltr'><strong>deliquio</strong></span> <span class='ocrx_word' id='word_1_156' title='bbox 929 1715 1008 1774; x_wconf 70' lang='grc'><strong>1605,</strong></span> <span class='ocrx_word' id='word_1_157' title='bbox 1028 1730 1101 1781; x_wconf 86' lang='lat' dir='ltr'><strong>quem</strong></span> <span class='ocrx_word' id='word_1_158' title='bbox 1113 1721 1213 1781; x_wconf 81' lang='lat' dir='ltr'><strong>spectat</strong></span> <span class='ocrx_word' id='word_1_159' title='bbox 1223 1714 1315 1766; x_wconf 79' lang='lat' dir='ltr'><strong>verbu:</strong></span> <span class='ocrx_word' id='word_1_160' title='bbox 1336 1712 1402 1776; x_wconf 75' lang='lat' dir='ltr'><strong>,bac</strong></span> <span class='ocrx_word' id='word_1_161' title='bbox 1417 1710 1518 1779; x_wconf 80' lang='lat' dir='ltr'><strong>epistola</strong></span> 
     </span>
    </p>
   </div>
   <div class='ocr_carea' id='block_1_4' title="bbox 178 1783 361 1854">
    <p class='ocr_par' dir='ltr' id='par_1_4' title="bbox 178 1783 361 1854">
     <span class='ocr_line' id='line_1_17' title="bbox 178 1783 361 1854; baseline -0.033 1"><span class='ocrx_word' id='word_1_162' title='bbox 178 1783 361 1854; x_wconf 57' lang='lat' dir='ltr'><strong>nupserat</strong></span> 
     </span>
    </p>
   </div>
   <div class='ocr_carea' id='block_1_5' title="bbox 127 1924 1524 2279">
    <p class='ocr_par' dir='ltr' id='par_1_5' title="bbox 127 1924 1524 2279">
     <span class='ocr_line' id='line_1_18' title="bbox 142 1924 1518 2011; baseline -0.004 -18"><span class='ocrx_word' id='word_1_163' title='bbox 142 2003 143 2011; x_wconf 8' lang='grc' dir='ltr'>ἵ</span> <span class='ocrx_word' id='word_1_164' title='bbox 266 1927 474 2005; x_wconf 84' lang='lat' dir='ltr'><strong>illustrissime</strong></span> <span class='ocrx_word' id='word_1_165' title='bbox 485 1927 635 2009; x_wconf 87' lang='lat' dir='ltr'><strong>juxtaque</strong></span> <span class='ocrx_word' id='word_1_166' title='bbox 656 1926 857 1990; x_wconf 84' lang='lat' dir='ltr'><strong>eruditissime</strong></span> <span class='ocrx_word' id='word_1_167' title='bbox 878 1924 1025 2008; x_wconf 77' lang='lat' dir='ltr'><strong>Scaliger.</strong></span> <span class='ocrx_word' id='word_1_168' title='bbox 1071 1926 1146 1993; x_wconf 79' lang='lat' dir='ltr'><strong>Cum</strong></span> <span class='ocrx_word' id='word_1_169' title='bbox 1165 1936 1237 1994; x_wconf 89' lang='lat' dir='ltr'><strong>ante</strong></span> <span class='ocrx_word' id='word_1_170' title='bbox 1256 1928 1388 2010; x_wconf 90' lang='lat' dir='ltr'><strong>quinque</strong></span> <span class='ocrx_word' id='word_1_171' title='bbox 1401 1943 1518 1989; x_wconf 79' lang='lat' dir='ltr'><strong>menses</strong></span> 
     </span>
     <span class='ocr_line' id='line_1_19' title="bbox 127 2014 1524 2099; baseline -0.004 -17"><span class='ocrx_word' id='word_1_172' title='bbox 127 2015 130 2021; x_wconf 78' lang='grc'><strong>’</strong></span> <span class='ocrx_word' id='word_1_173' title='bbox 180 2018 219 2082; x_wconf 90' lang='lat' dir='ltr'><strong>ad</strong></span> <span class='ocrx_word' id='word_1_174' title='bbox 228 2019 274 2082; x_wconf 87' lang='lat' dir='ltr'><strong>Te</strong></span> <span class='ocrx_word' id='word_1_175' title='bbox 288 2018 477 2098; x_wconf 87' lang='lat' dir='ltr'><strong>scripsissem</strong></span> <span class='ocrx_word' id='word_1_176' title='bbox 493 2017 529 2079; x_wconf 92' lang='lat' dir='ltr'><strong>de</strong></span> <span class='ocrx_word' id='word_1_177' title='bbox 546 2036 624 2081; x_wconf 92' lang='lat' dir='ltr'><strong>anuo</strong></span> <span class='ocrx_word' id='word_1_178' title='bbox 633 2016 910 2099; x_wconf 72' lang='lat' dir='ltr'><strong>Atticuimpnlsus</strong></span> <span class='ocrx_word' id='word_1_179' title='bbox 925 2016 1113 2097; x_wconf 84' lang='lat' dir='ltr'><strong>potissimum</strong></span> <span class='ocrx_word' id='word_1_180' title='bbox 1128 2036 1232 2083; x_wconf 87' lang='lat' dir='ltr'><strong>eorum</strong></span> <span class='ocrx_word' id='word_1_181' title='bbox 1243 2018 1379 2091; x_wconf 81' lang='lat' dir='ltr'><strong>hortatu,</strong></span> <span class='ocrx_word' id='word_1_182' title='bbox 1394 2014 1524 2096; x_wconf 66' lang='lat' dir='ltr'><strong>quibus·</strong></span> 
     </span>
     <span class='ocr_line' id='line_1_20' title="bbox 179 2098 1518 2189; baseline -0.003 -18"><span class='ocrx_word' id='word_1_183' title='bbox 179 2127 247 2185; x_wconf 89' lang='lat' dir='ltr'><strong>cnm</strong></span> <span class='ocrx_word' id='word_1_184' title='bbox 269 2108 305 2170; x_wconf 93' lang='lat' dir='ltr'><strong>de</strong></span> <span class='ocrx_word' id='word_1_185' title='bbox 327 2108 418 2171; x_wconf 87' lang='lat' dir='ltr'><strong>rebus</strong></span> <span class='ocrx_word' id='word_1_186' title='bbox 438 2105 662 2181; x_wconf 74' lang='lat' dir='ltr'><strong>mathematicis</strong></span> <span class='ocrx_word' id='word_1_187' title='bbox 685 2106 886 2180; x_wconf 88' lang='lat' dir='ltr'><strong>communico,</strong></span> <span class='ocrx_word' id='word_1_188' title='bbox 915 2106 1083 2187; x_wconf 81' lang='lat' dir='ltr'><strong>evestigio</strong></span> <span class='ocrx_word' id='word_1_189' title='bbox 1103 2108 1221 2189; x_wconf 90' lang='lat' dir='ltr'><strong>Pragae</strong></span> <span class='ocrx_word' id='word_1_190' title='bbox 1249 2107 1308 2171; x_wconf 91' lang='lat' dir='ltr'><strong>iter</strong></span> <span class='ocrx_word' id='word_1_191' title='bbox 1328 2104 1362 2168; x_wconf 91' lang='lat' dir='ltr'><strong>in</strong></span> <span class='ocrx_word' id='word_1_192' title='bbox 1385 2098 1518 2185; x_wconf 73' lang='lat' dir='ltr'><strong>scyron</strong></span> 
     </span>
     <span class='ocr_line' id='line_1_21' title="bbox 178 2192 1519 2279; baseline -0.001 -20"><span class='ocrx_word' id='word_1_193' title='bbox 178 2197 279 2260; x_wconf 87' lang='lat' dir='ltr'><strong>habui.</strong></span> <span class='ocrx_word' id='word_1_194' title='bbox 308 2195 354 2258; x_wconf 85' lang='lat' dir='ltr'><strong>Eo</strong></span> <span class='ocrx_word' id='word_1_195' title='bbox 371 2196 445 2279; x_wconf 76' lang='lat' dir='ltr'><strong>milri</strong></span> <span class='ocrx_word' id='word_1_196' title='bbox 460 2196 667 2258; x_wconf 85' lang='lat' dir='ltr'><strong>renunciatum</strong></span> <span class='ocrx_word' id='word_1_197' title='bbox 682 2203 731 2277; x_wconf 89' lang='lat' dir='ltr'><strong>est</strong></span> <span class='ocrx_word' id='word_1_198' title='bbox 745 2197 782 2258; x_wconf 92' lang='lat' dir='ltr'><strong>de</strong></span> <span class='ocrx_word' id='word_1_199' title='bbox 797 2195 917 2274; x_wconf 83' lang='lat' dir='ltr'><strong>Nicolai</strong></span> <span class='ocrx_word' id='word_1_200' title='bbox 927 2194 1049 2259; x_wconf 72' lang='lat' dir='ltr'><strong>vSerarii</strong></span> <span class='ocrx_word' id='word_1_201' title='bbox 1062 2196 1160 2259; x_wconf 87' lang='lat' dir='ltr'><strong>literis</strong></span> <span class='ocrx_word' id='word_1_202' title='bbox 1181 2197 1220 2260; x_wconf 88' lang='lat' dir='ltr'><strong>ad</strong></span> <span class='ocrx_word' id='word_1_203' title='bbox 1234 2214 1297 2271; x_wconf 89' lang='lat' dir='ltr'><strong>me,</strong></span> <span class='ocrx_word' id='word_1_204' title='bbox 1320 2194 1434 2275; x_wconf 85' lang='lat' dir='ltr'><strong>quibus</strong></span> <span class='ocrx_word' id='word_1_205' title='bbox 1451 2192 1519 2258; x_wconf 72' lang='lat' dir='ltr'><strong>nuni</strong></span> 
     </span>
    </p>
   </div>
   <div class='ocr_carea' id='block_1_6' title="bbox 65 2283 1517 2367">
    <p class='ocr_par' dir='ltr' id='par_1_6' title="bbox 65 2283 1517 2367">
     <span class='ocr_line' id='line_1_22' title="bbox 65 2283 1517 2367; baseline -0.005 -17"><span class='ocrx_word' id='word_1_206' title='bbox 65 2292 75 2312; x_wconf 63' lang='lat'><strong>&#39;⁴</strong></span> <span class='ocrx_word' id='word_1_207' title='bbox 180 2285 381 2366; x_wconf 87' lang='lat' dir='ltr'><strong>significabat,</strong></span> <span class='ocrx_word' id='word_1_208' title='bbox 397 2283 454 2346; x_wconf 93' lang='lat' dir='ltr'><strong>sibi</strong></span> <span class='ocrx_word' id='word_1_209' title='bbox 470 2306 489 2346; x_wconf 85' lang='lat' dir='ltr'><strong>a</strong></span> <span class='ocrx_word' id='word_1_210' title='bbox 504 2284 651 2347; x_wconf 90' lang='lat' dir='ltr'><strong>communi</strong></span> <span class='ocrx_word' id='word_1_211' title='bbox 667 2284 763 2347; x_wconf 90' lang='lat' dir='ltr'><strong>amico</strong></span> <span class='ocrx_word' id='word_1_212' title='bbox 780 2283 897 2365; x_wconf 90' lang='lat' dir='ltr'><strong>copiam</strong></span> <span class='ocrx_word' id='word_1_213' title='bbox 912 2286 1060 2365; x_wconf 87' lang='lat' dir='ltr'><strong>epistolae</strong></span> <span class='ocrx_word' id='word_1_214' title='bbox 1075 2285 1156 2351; x_wconf 87' lang='lat' dir='ltr'><strong>illius</strong></span> <span class='ocrx_word' id='word_1_215' title='bbox 1163 2305 1249 2351; x_wconf 87' lang='lat' dir='ltr'><strong>meae</strong></span> <span class='ocrx_word' id='word_1_216' title='bbox 1265 2287 1381 2352; x_wconf 83' lang='lat' dir='ltr'><strong>iactam</strong></span> <span class='ocrx_word' id='word_1_217' title='bbox 1395 2299 1517 2367; x_wconf 82' lang='lat' dir='ltr'><strong>eamque</strong></span> 
     </span>
    </p>
   </div>
   <div class='ocr_carea' id='block_1_7' title="bbox 90 2371 1526 3976">
    <p class='ocr_par' dir='ltr' id='par_1_7' title="bbox 90 2371 1526 3976">
     <span class='ocr_line' id='line_1_23' title="bbox 180 2371 1518 2457; baseline -0.004 -19"><span class='ocrx_word' id='word_1_218' title='bbox 180 2393 249 2438; x_wconf 90' lang='lat' dir='ltr'><strong>sese</strong></span> <span class='ocrx_word' id='word_1_219' title='bbox 271 2374 350 2438; x_wconf 84' lang='lat' dir='ltr'><strong>velle</strong></span> <span class='ocrx_word' id='word_1_220' title='bbox 374 2374 479 2455; x_wconf 89' lang='lat' dir='ltr'><strong>praelo</strong></span> <span class='ocrx_word' id='word_1_221' title='bbox 502 2373 663 2453; x_wconf 88' lang='lat' dir='ltr'><strong>subjicere:</strong></span> <span class='ocrx_word' id='word_1_222' title='bbox 688 2373 868 2453; x_wconf 85' lang='lat' dir='ltr'><strong>corrigerem</strong></span> <span class='ocrx_word' id='word_1_223' title='bbox 888 2374 997 2454; x_wconf 92' lang='lat' dir='ltr'><strong>igitur,</strong></span> <span class='ocrx_word' id='word_1_224' title='bbox 1017 2374 1043 2436; x_wconf 88' lang='lat' dir='ltr'><strong>si</strong></span> <span class='ocrx_word' id='word_1_225' title='bbox 1065 2395 1124 2457; x_wconf 83' lang='lat' dir='ltr'><strong>qua</strong></span> <span class='ocrx_word' id='word_1_226' title='bbox 1141 2376 1260 2438; x_wconf 84' lang='lat' dir='ltr'><strong>vellem.</strong></span> <span class='ocrx_word' id='word_1_227' title='bbox 1302 2371 1465 2453; x_wconf 88' lang='lat' dir='ltr'><strong>Rescripsi</strong></span> <span class='ocrx_word' id='word_1_228' title='bbox 1485 2389 1518 2445; x_wconf 84' lang='lat' dir='ltr'><strong>ne</strong></span> 
     </span>
     <span class='ocr_line' id='line_1_24' title="bbox 180 2459 1519 2546; baseline -0.002 -21"><span class='ocrx_word' id='word_1_229' title='bbox 180 2464 309 2541; x_wconf 87' lang='lat' dir='ltr'><strong>faceret:</strong></span> <span class='ocrx_word' id='word_1_230' title='bbox 333 2483 428 2545; x_wconf 90' lang='lat' dir='ltr'><strong>neque</strong></span> <span class='ocrx_word' id='word_1_231' title='bbox 449 2462 529 2526; x_wconf 89' lang='lat' dir='ltr'><strong>enim</strong></span> <span class='ocrx_word' id='word_1_232' title='bbox 548 2480 691 2525; x_wconf 84' lang='lat' dir='ltr'><strong>noveram</strong></span> <span class='ocrx_word' id='word_1_233' title='bbox 710 2462 860 2526; x_wconf 90' lang='lat' dir='ltr'><strong>homiuem</strong></span> <span class='ocrx_word' id='word_1_234' title='bbox 879 2482 974 2545; x_wconf 86' lang='lat' dir='ltr'><strong>neque</strong></span> <span class='ocrx_word' id='word_1_235' title='bbox 998 2463 1119 2546; x_wconf 82' lang='lat' dir='ltr'><strong>privata</strong></span> <span class='ocrx_word' id='word_1_236' title='bbox 1138 2464 1266 2546; x_wconf 84' lang='lat' dir='ltr'><strong>publicis</strong></span> <span class='ocrx_word' id='word_1_237' title='bbox 1284 2463 1414 2533; x_wconf 85' lang='lat' dir='ltr'><strong>miseere</strong></span> <span class='ocrx_word' id='word_1_238' title='bbox 1435 2459 1519 2523; x_wconf 84' lang='lat' dir='ltr'><strong>volni</strong></span> 
     </span>
     <span class='ocr_line' id='line_1_25' title="bbox 179 2551 1519 2635; baseline -0.001 -18"><span class='ocrx_word' id='word_1_239' title='bbox 179 2552 250 2617; x_wconf 90' lang='lat' dir='ltr'><strong>Non</strong></span> <span class='ocrx_word' id='word_1_240' title='bbox 273 2551 421 2616; x_wconf 85' lang='lat' dir='ltr'><strong>abstinuit</strong></span> <span class='ocrx_word' id='word_1_241' title='bbox 442 2559 560 2627; x_wconf 88' lang='lat' dir='ltr'><strong>tamen,</strong></span> <span class='ocrx_word' id='word_1_242' title='bbox 588 2551 659 2633; x_wconf 90' lang='lat' dir='ltr'><strong>quin</strong></span> <span class='ocrx_word' id='word_1_243' title='bbox 673 2569 740 2614; x_wconf 92' lang='lat' dir='ltr'><strong>meo</strong></span> <span class='ocrx_word' id='word_1_244' title='bbox 755 2551 874 2615; x_wconf 91' lang='lat' dir='ltr'><strong>nomine</strong></span> <span class='ocrx_word' id='word_1_245' title='bbox 895 2552 927 2616; x_wconf 92' lang='lat' dir='ltr'><strong>in</strong></span> <span class='ocrx_word' id='word_1_246' title='bbox 949 2553 1070 2635; x_wconf 87' lang='lat' dir='ltr'><strong>nuperis</strong></span> <span class='ocrx_word' id='word_1_247' title='bbox 1092 2553 1233 2618; x_wconf 90' lang='lat' dir='ltr'><strong>nundinis</strong></span> <span class='ocrx_word' id='word_1_248' title='bbox 1254 2559 1400 2616; x_wconf 87' lang='lat' dir='ltr'><strong>uteretur.</strong></span> <span class='ocrx_word' id='word_1_249' title='bbox 1438 2551 1519 2615; x_wconf 76' lang='lat' dir='ltr'><strong>nse</strong></span> 
     </span>
     <span class='ocr_line' id='line_1_26' title="bbox 180 2639 1519 2724; baseline -0.002 -20"><span class='ocrx_word' id='word_1_250' title='bbox 180 2640 272 2723; x_wconf 91' lang='lat' dir='ltr'><strong>igitur</strong></span> <span class='ocrx_word' id='word_1_251' title='bbox 287 2642 326 2704; x_wconf 89' lang='lat' dir='ltr'><strong>ad</strong></span> <span class='ocrx_word' id='word_1_252' title='bbox 341 2643 400 2716; x_wconf 83' lang='lat' dir='ltr'><strong>Te,</strong></span> <span class='ocrx_word' id='word_1_253' title='bbox 422 2648 458 2704; x_wconf 91' lang='lat' dir='ltr'><strong>nt</strong></span> <span class='ocrx_word' id='word_1_254' title='bbox 472 2642 582 2715; x_wconf 89' lang='lat' dir='ltr'><strong>scires,</strong></span> <span class='ocrx_word' id='word_1_255' title='bbox 604 2659 651 2704; x_wconf 89' lang='lat' dir='ltr'><strong>me</strong></span> <span class='ocrx_word' id='word_1_256' title='bbox 666 2639 760 2704; x_wconf 88' lang='lat' dir='ltr'><strong>inscio</strong></span> <span class='ocrx_word' id='word_1_257' title='bbox 785 2640 869 2707; x_wconf 83' lang='lat' dir='ltr'><strong>facta</strong></span> <span class='ocrx_word' id='word_1_258' title='bbox 888 2649 921 2704; x_wconf 90' lang='lat' dir='ltr'><strong>et</strong></span> <span class='ocrx_word' id='word_1_259' title='bbox 938 2661 977 2705; x_wconf 93' lang='lat' dir='ltr'><strong>ne</strong></span> <span class='ocrx_word' id='word_1_260' title='bbox 998 2661 1058 2724; x_wconf 90' lang='lat' dir='ltr'><strong>qna</strong></span> <span class='ocrx_word' id='word_1_261' title='bbox 1075 2662 1194 2716; x_wconf 89' lang='lat' dir='ltr'><strong>remora</strong></span> <span class='ocrx_word' id='word_1_262' title='bbox 1214 2648 1309 2717; x_wconf 88' lang='lat' dir='ltr'><strong>esset,</strong></span> <span class='ocrx_word' id='word_1_263' title='bbox 1330 2640 1519 2721; x_wconf 85' lang='lat' dir='ltr'><strong>impetrando</strong></span> 
     </span>
     <span class='ocr_line' id='line_1_27' title="bbox 181 2721 1519 2815; baseline -0.004 -22"><span class='ocrx_word' id='word_1_264' title='bbox 181 2730 236 2794; x_wconf 87' lang='lat' dir='ltr'><strong>abs</strong></span> <span class='ocrx_word' id='word_1_265' title='bbox 253 2738 285 2793; x_wconf 90' lang='lat' dir='ltr'><strong>te</strong></span> <span class='ocrx_word' id='word_1_266' title='bbox 301 2730 440 2811; x_wconf 88' lang='lat' dir='ltr'><strong>negotio,</strong></span> <span class='ocrx_word' id='word_1_267' title='bbox 461 2730 540 2813; x_wconf 92' lang='lat' dir='ltr'><strong>quod</strong></span> <span class='ocrx_word' id='word_1_268' title='bbox 554 2729 614 2792; x_wconf 87' lang='lat' dir='ltr'><strong>hac</strong></span> <span class='ocrx_word' id='word_1_269' title='bbox 630 2729 764 2809; x_wconf 81' lang='lat' dir='ltr'><strong>epistola·</strong></span> <span class='ocrx_word' id='word_1_270' title='bbox 775 2749 833 2810; x_wconf 91' lang='lat' dir='ltr'><strong>ago</strong></span> <span class='ocrx_word' id='word_1_271' title='bbox 848 2731 982 2812; x_wconf 86' lang='lat' dir='ltr'><strong>publice:</strong></span> <span class='ocrx_word' id='word_1_272' title='bbox 1005 2751 1065 2813; x_wconf 90' lang='lat' dir='ltr'><strong>qna</strong></span> <span class='ocrx_word' id='word_1_273' title='bbox 1078 2732 1174 2808; x_wconf 88' lang='lat' dir='ltr'><strong>lecta,</strong></span> <span class='ocrx_word' id='word_1_274' title='bbox 1186 2731 1265 2814; x_wconf 61' lang='lat' dir='ltr'><strong>*qnid</strong></span> <span class='ocrx_word' id='word_1_275' title='bbox 1282 2730 1374 2815; x_wconf 86' lang='lat' dir='ltr'><strong>velim</strong></span> <span class='ocrx_word' id='word_1_276' title='bbox 1390 2729 1474 2815; x_wconf 80' lang='lat' dir='ltr'><strong>scies</strong></span> <span class='ocrx_word' id='word_1_277' title='bbox 1485 2721 1519 2809; x_wconf 78' lang='lat'><strong>¹).</strong></span> 
     </span>
     <span class='ocr_line' id='line_1_28' title="bbox 180 2817 1520 2903; baseline -0.002 -21"><span class='ocrx_word' id='word_1_278' title='bbox 180 2819 224 2882; x_wconf 86' lang='lat' dir='ltr'><strong>Et</strong></span> <span class='ocrx_word' id='word_1_279' title='bbox 245 2826 349 2883; x_wconf 88' lang='lat' dir='ltr'><strong>cetera</strong></span> <span class='ocrx_word' id='word_1_280' title='bbox 370 2819 489 2901; x_wconf 90' lang='lat' dir='ltr'><strong>quidem</strong></span> <span class='ocrx_word' id='word_1_281' title='bbox 511 2818 707 2892; x_wconf 82' lang='lat' dir='ltr'><strong>communiter</strong></span> <span class='ocrx_word' id='word_1_282' title='bbox 728 2819 880 2895; x_wconf 90' lang='lat' dir='ltr'><strong>omnibus,</strong></span> <span class='ocrx_word' id='word_1_283' title='bbox 900 2819 977 2886; x_wconf 83' lang='lat' dir='ltr'><strong>haec</strong></span> <span class='ocrx_word' id='word_1_284' title='bbox 997 2840 1070 2884; x_wconf 88' lang='lat' dir='ltr'><strong>vero</strong></span> <span class='ocrx_word' id='word_1_285' title='bbox 1085 2822 1153 2885; x_wconf 89' lang='lat' dir='ltr'><strong>Tibi</strong></span> <span class='ocrx_word' id='word_1_286' title='bbox 1174 2822 1295 2903; x_wconf 84' lang='lat' dir='ltr'><strong>privato</strong></span> <span class='ocrx_word' id='word_1_287' title='bbox 1316 2818 1398 2882; x_wconf 88' lang='lat' dir='ltr'><strong>dico:</strong></span> <span class='ocrx_word' id='word_1_288' title='bbox 1428 2817 1520 2880; x_wconf 88' lang='lat' dir='ltr'><strong>habes</strong></span> 
     </span>
     <span class='ocr_line' id='line_1_29' title="bbox 182 2907 1521 2992; baseline -0.001 -20"><span class='ocrx_word' id='word_1_289' title='bbox 182 2907 356 2983; x_wconf 90' lang='lat' dir='ltr'><strong>naucleros,</strong></span> <span class='ocrx_word' id='word_1_290' title='bbox 376 2907 473 2971; x_wconf 88' lang='lat' dir='ltr'><strong>habes</strong></span> <span class='ocrx_word' id='word_1_291' title='bbox 489 2907 629 2988; x_wconf 86' lang='lat' dir='ltr'><strong>epibatas</strong></span> <span class='ocrx_word' id='word_1_292' title='bbox 648 2915 851 2983; x_wconf 87' lang='lat' dir='ltr'><strong>mercatores,</strong></span> <span class='ocrx_word' id='word_1_293' title='bbox 873 2916 971 2972; x_wconf 90' lang='lat' dir='ltr'><strong>totum</strong></span> <span class='ocrx_word' id='word_1_294' title='bbox 985 2910 1125 2992; x_wconf 81' lang='lat' dir='ltr'><strong>Europae</strong></span> <span class='ocrx_word' id='word_1_295' title='bbox 1140 2911 1228 2985; x_wconf 91' lang='lat' dir='ltr'><strong>litus,</strong></span> <span class='ocrx_word' id='word_1_296' title='bbox 1249 2929 1309 2991; x_wconf 76' lang='lat' dir='ltr'><strong>qna</strong></span> <span class='ocrx_word' id='word_1_297' title='bbox 1329 2914 1362 2969; x_wconf 89' lang='lat' dir='ltr'><strong>et</strong></span> <span class='ocrx_word' id='word_1_298' title='bbox 1375 2907 1521 2970; x_wconf 86' lang='lat' dir='ltr'><strong>mediter·</strong></span> 
     </span>
     <span class='ocr_line' id='line_1_30' title="bbox 185 2995 1522 3081; baseline -0.001 -22"><span class='ocrx_word' id='word_1_299' title='bbox 185 3015 277 3059; x_wconf 90' lang='lat' dir='ltr'><strong>raneo</strong></span> <span class='ocrx_word' id='word_1_300' title='bbox 295 2995 425 3070; x_wconf 87' lang='lat' dir='ltr'><strong>alluitur,</strong></span> <span class='ocrx_word' id='word_1_301' title='bbox 441 2996 741 3077; x_wconf 80' lang='lat' dir='ltr'><strong>circumnavigantes,</strong></span> <span class='ocrx_word' id='word_1_302' title='bbox 756 2996 852 3060; x_wconf 87' lang='lat' dir='ltr'><strong>habes</strong></span> <span class='ocrx_word' id='word_1_303' title='bbox 867 2998 992 3068; x_wconf 81' lang='lat' dir='ltr'><strong>idoneos</strong></span> <span class='ocrx_word' id='word_1_304' title='bbox 1008 2999 1048 3061; x_wconf 88' lang='lat' dir='ltr'><strong>ad</strong></span> <span class='ocrx_word' id='word_1_305' title='bbox 1061 3001 1130 3065; x_wconf 89' lang='lat' dir='ltr'><strong>illos</strong></span> <span class='ocrx_word' id='word_1_306' title='bbox 1144 2997 1358 3081; x_wconf 81' lang='lat' dir='ltr'><strong>internuncios,</strong></span> <span class='ocrx_word' id='word_1_307' title='bbox 1379 3015 1449 3058; x_wconf 91' lang='lat' dir='ltr'><strong>cum</strong></span> <span class='ocrx_word' id='word_1_308' title='bbox 1464 2996 1522 3058; x_wconf 91' lang='lat' dir='ltr'><strong>sint</strong></span> 
     </span>
     <span class='ocr_line' id='line_1_31' title="bbox 90 3084 1524 3172; baseline -0.001 -24"><span class='ocrx_word' id='word_1_309' title='bbox 90 3096 94 3109; x_wconf 89' lang='grc'><strong>“</strong></span> <span class='ocrx_word' id='word_1_310' title='bbox 184 3086 215 3148; x_wconf 92' lang='lat' dir='ltr'><strong>in</strong></span> <span class='ocrx_word' id='word_1_311' title='bbox 230 3084 354 3160; x_wconf 83' lang='lat' dir='ltr'><strong>vicinia3</strong></span> <span class='ocrx_word' id='word_1_312' title='bbox 378 3104 434 3148; x_wconf 91' lang='lat' dir='ltr'><strong>nec</strong></span> <span class='ocrx_word' id='word_1_313' title='bbox 456 3104 505 3148; x_wconf 90' lang='lat' dir='ltr'><strong>res</strong></span> <span class='ocrx_word' id='word_1_314' title='bbox 527 3105 606 3149; x_wconf 84' lang='lat' dir='ltr'><strong>nova</strong></span> <span class='ocrx_word' id='word_1_315' title='bbox 628 3093 677 3148; x_wconf 90' lang='lat' dir='ltr'><strong>est</strong></span> <span class='ocrx_word' id='word_1_316' title='bbox 698 3105 754 3150; x_wconf 89' lang='lat' dir='ltr'><strong>nec</strong></span> <span class='ocrx_word' id='word_1_317' title='bbox 775 3085 877 3162; x_wconf 82' lang='lat' dir='ltr'><strong>unica,</strong></span> <span class='ocrx_word' id='word_1_318' title='bbox 899 3105 976 3170; x_wconf 85' lang='lat' dir='ltr'><strong>quae</strong></span> <span class='ocrx_word' id='word_1_319' title='bbox 997 3089 1108 3172; x_wconf 79' lang='lat' dir='ltr'><strong>inquiri</strong></span> <span class='ocrx_word' id='word_1_320' title='bbox 1127 3086 1242 3163; x_wconf 86' lang='lat' dir='ltr'><strong>soleat,</strong></span> <span class='ocrx_word' id='word_1_321' title='bbox 1270 3087 1369 3149; x_wconf 84' lang='lat' dir='ltr'><strong>ferret</strong></span> <span class='ocrx_word' id='word_1_322' title='bbox 1391 3084 1524 3147; x_wconf 89' lang='lat' dir='ltr'><strong>studium</strong></span> 
     </span>
     <span class='ocr_line' id='line_1_32' title="bbox 184 3173 1522 3259; baseline -0.001 -22"><span class='ocrx_word' id='word_1_323' title='bbox 184 3173 382 3256; x_wconf 86' lang='lat' dir='ltr'><strong>percontandi</strong></span> <span class='ocrx_word' id='word_1_324' title='bbox 404 3174 483 3256; x_wconf 91' lang='lat' dir='ltr'><strong>apud</strong></span> <span class='ocrx_word' id='word_1_325' title='bbox 504 3182 639 3237; x_wconf 87' lang='lat' dir='ltr'><strong>vestram</strong></span> <span class='ocrx_word' id='word_1_326' title='bbox 659 3175 821 3238; x_wconf 81' lang='lat' dir='ltr'><strong>nationem.</strong></span> <span class='ocrx_word' id='word_1_327' title='bbox 871 3175 980 3258; x_wconf 90' lang='lat' dir='ltr'><strong>Itaque</strong></span> <span class='ocrx_word' id='word_1_328' title='bbox 1002 3185 1065 3240; x_wconf 90' lang='lat' dir='ltr'><strong>tam</strong></span> <span class='ocrx_word' id='word_1_329' title='bbox 1086 3179 1153 3247; x_wconf 84' lang='lat' dir='ltr'><strong>lata</strong></span> <span class='ocrx_word' id='word_1_330' title='bbox 1174 3176 1322 3259; x_wconf 84' lang='lat' dir='ltr'><strong>epistolae</strong></span> <span class='ocrx_word' id='word_1_331' title='bbox 1342 3192 1433 3236; x_wconf 89' lang='lat' dir='ltr'><strong>meae</strong></span> <span class='ocrx_word' id='word_1_332' title='bbox 1457 3174 1522 3255; x_wconf 90' lang='lat' dir='ltr'><strong>epi-</strong></span> 
     </span>
     <span class='ocr_line' id='line_1_33' title="bbox 184 3261 1524 3346; baseline -0.001 -19"><span class='ocrx_word' id='word_1_333' title='bbox 184 3264 301 3346; x_wconf 87' lang='lat' dir='ltr'><strong>grapha</strong></span> <span class='ocrx_word' id='word_1_334' title='bbox 316 3263 418 3330; x_wconf 91' lang='lat' dir='ltr'><strong>nescio</strong></span> <span class='ocrx_word' id='word_1_335' title='bbox 434 3283 473 3326; x_wconf 92' lang='lat' dir='ltr'><strong>an</strong></span> <span class='ocrx_word' id='word_1_336' title='bbox 487 3283 578 3327; x_wconf 82' lang='lat' dir='ltr'><strong>unuln</strong></span> <span class='ocrx_word' id='word_1_337' title='bbox 593 3261 637 3326; x_wconf 90' lang='lat' dir='ltr'><strong>tui</strong></span> <span class='ocrx_word' id='word_1_338' title='bbox 658 3263 707 3326; x_wconf 92' lang='lat' dir='ltr'><strong>hic</strong></span> <span class='ocrx_word' id='word_1_339' title='bbox 723 3264 850 3327; x_wconf 89' lang='lat' dir='ltr'><strong>similem</strong></span> <span class='ocrx_word' id='word_1_340' title='bbox 865 3266 1057 3346; x_wconf 88' lang='lat' dir='ltr'><strong>complectar.</strong></span> <span class='ocrx_word' id='word_1_341' title='bbox 1102 3267 1228 3333; x_wconf 83' lang='lat' dir='ltr'><strong>Certum</strong></span> <span class='ocrx_word' id='word_1_342' title='bbox 1243 3265 1322 3329; x_wconf 89' lang='lat' dir='ltr'><strong>enim</strong></span> <span class='ocrx_word' id='word_1_343' title='bbox 1336 3262 1427 3337; x_wconf 90' lang='lat' dir='ltr'><strong>mihi,</strong></span> <span class='ocrx_word' id='word_1_344' title='bbox 1450 3271 1483 3326; x_wconf 82' lang='lat' dir='ltr'><strong>te</strong></span> <span class='ocrx_word' id='word_1_345' title='bbox 1497 3263 1524 3326; x_wconf 89' lang='lat' dir='ltr'><strong>si</strong></span> 
     </span>
     <span class='ocr_line' id='line_1_34' title="bbox 183 3351 1526 3437; baseline -0.001 -22"><span class='ocrx_word' id='word_1_346' title='bbox 183 3371 247 3415; x_wconf 91' lang='lat' dir='ltr'><strong>rem</strong></span> <span class='ocrx_word' id='word_1_347' title='bbox 263 3372 334 3415; x_wconf 91' lang='lat' dir='ltr'><strong>cura</strong></span> <span class='ocrx_word' id='word_1_348' title='bbox 349 3353 471 3433; x_wconf 87' lang='lat' dir='ltr'><strong>dignam</strong></span> <span class='ocrx_word' id='word_1_349' title='bbox 486 3353 637 3415; x_wconf 90' lang='lat' dir='ltr'><strong>censueris</strong></span> <span class='ocrx_word' id='word_1_350' title='bbox 653 3353 859 3433; x_wconf 86' lang='lat' dir='ltr'><strong>percontando</strong></span> <span class='ocrx_word' id='word_1_351' title='bbox 874 3354 944 3417; x_wconf 91' lang='lat' dir='ltr'><strong>hinc</strong></span> <span class='ocrx_word' id='word_1_352' title='bbox 958 3355 1073 3437; x_wconf 89' lang='lat' dir='ltr'><strong>Belgas</strong></span> <span class='ocrx_word' id='word_1_353' title='bbox 1088 3364 1121 3420; x_wconf 88' lang='lat' dir='ltr'><strong>et</strong></span> <span class='ocrx_word' id='word_1_354' title='bbox 1134 3356 1307 3428; x_wconf 87' lang='lat' dir='ltr'><strong>Britannos,</strong></span> <span class='ocrx_word' id='word_1_355' title='bbox 1322 3352 1392 3415; x_wconf 88' lang='lat' dir='ltr'><strong>inde</strong></span> <span class='ocrx_word' id='word_1_356' title='bbox 1403 3351 1526 3426; x_wconf 86' lang='lat' dir='ltr'><strong>Gallos,</strong></span> 
     </span>
     <span class='ocr_line' id='line_1_35' title="bbox 182 3440 1525 3526; baseline 0.001 -23"><span class='ocrx_word' id='word_1_357' title='bbox 182 3442 332 3523; x_wconf 88' lang='lat' dir='ltr'><strong>Pyrenaei</strong></span> <span class='ocrx_word' id='word_1_358' title='bbox 352 3441 465 3505; x_wconf 93' lang='lat' dir='ltr'><strong>montis</strong></span> <span class='ocrx_word' id='word_1_359' title='bbox 486 3441 622 3515; x_wconf 72' lang='lat' dir='ltr'><strong>accolas,</strong></span> <span class='ocrx_word' id='word_1_360' title='bbox 645 3440 718 3504; x_wconf 93' lang='lat' dir='ltr'><strong>nihil</strong></span> <span class='ocrx_word' id='word_1_361' title='bbox 733 3462 792 3508; x_wconf 91' lang='lat' dir='ltr'><strong>non</strong></span> <span class='ocrx_word' id='word_1_362' title='bbox 809 3443 928 3525; x_wconf 78' lang='lat' dir='ltr'><strong>efficere</strong></span> <span class='ocrx_word' id='word_1_363' title='bbox 950 3463 1050 3526; x_wconf 82' lang='lat' dir='ltr'><strong>posse</strong></span> <span class='ocrx_word' id='word_1_364' title='bbox 1086 3446 1182 3521; x_wconf 84' lang='lat' dir='ltr'><strong>Vale,</strong></span> <span class='ocrx_word' id='word_1_365' title='bbox 1205 3452 1237 3507; x_wconf 91' lang='lat' dir='ltr'><strong>et</strong></span> <span class='ocrx_word' id='word_1_366' title='bbox 1259 3442 1400 3505; x_wconf 86' lang='lat' dir='ltr'><strong>siminus</strong></span> <span class='ocrx_word' id='word_1_367' title='bbox 1420 3441 1525 3514; x_wconf 72' lang='grc' dir='ltr'>ιιιιι</span> 
     </span>
     <span class='ocr_line' id='line_1_36' title="bbox 184 3530 1525 3618; baseline 0 -24"><span class='ocrx_word' id='word_1_368' title='bbox 184 3530 294 3616; x_wconf 86' lang='lat' dir='ltr'><strong>saltem</strong></span> <span class='ocrx_word' id='word_1_369' title='bbox 310 3530 349 3593; x_wconf 93' lang='lat' dir='ltr'><strong>ad</strong></span> <span class='ocrx_word' id='word_1_370' title='bbox 364 3531 493 3613; x_wconf 90' lang='lat' dir='ltr'><strong>aliquem</strong></span> <span class='ocrx_word' id='word_1_371' title='bbox 508 3530 598 3595; x_wconf 91' lang='lat' dir='ltr'><strong>alium</strong></span> <span class='ocrx_word' id='word_1_372' title='bbox 613 3538 697 3594; x_wconf 89' lang='lat' dir='ltr'><strong>tuam</strong></span> <span class='ocrx_word' id='word_1_373' title='bbox 710 3531 903 3595; x_wconf 84' lang='lat' dir='ltr'><strong>voluntatem.</strong></span> <span class='ocrx_word' id='word_1_374' title='bbox 917 3535 1096 3616; x_wconf 82' lang='lat' dir='ltr'><strong>perscribe„</strong></span> <span class='ocrx_word' id='word_1_375' title='bbox 1106 3535 1190 3618; x_wconf 87' lang='lat' dir='ltr'><strong>cnjus</strong></span> <span class='ocrx_word' id='word_1_376' title='bbox 1212 3553 1251 3596; x_wconf 90' lang='lat' dir='ltr'><strong>ex</strong></span> <span class='ocrx_word' id='word_1_377' title='bbox 1270 3531 1419 3594; x_wconf 88' lang='lat' dir='ltr'><strong>relatione</strong></span> <span class='ocrx_word' id='word_1_378' title='bbox 1440 3530 1525 3594; x_wconf 84' lang='lat' dir='ltr'><strong>illam</strong></span> 
     </span>
     <span class='ocr_line' id='line_1_37' title="bbox 182 3619 1525 3705; baseline 0.001 -24"><span class='ocrx_word' id='word_1_379' title='bbox 182 3620 353 3705; x_wconf 85' lang='lat' dir='ltr'><strong>resciscam.</strong></span> <span class='ocrx_word' id='word_1_380' title='bbox 396 3619 501 3682; x_wconf 88' lang='lat' dir='ltr'><strong>Habes</strong></span> <span class='ocrx_word' id='word_1_381' title='bbox 528 3619 683 3683; x_wconf 89' lang='lat' dir='ltr'><strong>Illustrem</strong></span> <span class='ocrx_word' id='word_1_382' title='bbox 709 3621 871 3685; x_wconf 90' lang='lat' dir='ltr'><strong>Dominum</strong></span> <span class='ocrx_word' id='word_1_383' title='bbox 898 3623 1007 3686; x_wconf 90' lang='lat' dir='ltr'><strong>Joann.</strong></span> <span class='ocrx_word' id='word_1_384' title='bbox 1035 3623 1228 3688; x_wconf 84' lang='lat' dir='ltr'><strong>Matthaenm</strong></span> <span class='ocrx_word' id='word_1_385' title='bbox 1254 3619 1475 3684; x_wconf 80' lang='lat' dir='ltr'><strong>Waclrherinm</strong></span> <span class='ocrx_word' id='word_1_386' title='bbox 1504 3640 1525 3682; x_wconf 89' lang='lat' dir='ltr'><strong>a</strong></span> 
     </span>
     <span class='ocr_line' id='line_1_38' title="bbox 182 3707 1525 3797; baseline 0.001 -26"><span class='ocrx_word' id='word_1_387' title='bbox 182 3708 409 3782; x_wconf 86' lang='lat' dir='ltr'><strong>Wackhenfels‚</strong></span> <span class='ocrx_word' id='word_1_388' title='bbox 426 3708 495 3770; x_wconf 87' lang='lat' dir='ltr'><strong>Sao.</strong></span> <span class='ocrx_word' id='word_1_389' title='bbox 513 3707 601 3771; x_wconf 84' lang='lat' dir='ltr'><strong>Caes.</strong></span> <span class='ocrx_word' id='word_1_390' title='bbox 624 3707 800 3789; x_wconf 86' lang='lat' dir='ltr'><strong>Majestatis</strong></span> <span class='ocrx_word' id='word_1_391' title='bbox 817 3710 1028 3776; x_wconf 80' lang='lat' dir='ltr'><strong>Consiliarinm</strong></span> <span class='ocrx_word' id='word_1_392' title='bbox 1041 3713 1141 3777; x_wconf 88' lang='lat' dir='ltr'><strong>Anlae</strong></span> <span class='ocrx_word' id='word_1_393' title='bbox 1156 3710 1339 3797; x_wconf 87' lang='lat' dir='ltr'><strong>Imperialis,</strong></span> <span class='ocrx_word' id='word_1_394' title='bbox 1357 3709 1470 3772; x_wconf 89' lang='lat' dir='ltr'><strong>Virum</strong></span> <span class='ocrx_word' id='word_1_395' title='bbox 1491 3716 1525 3772; x_wconf 92' lang='lat' dir='ltr'><strong>et</strong></span> 
     </span>
     <span class='ocr_line' id='line_1_39' title="bbox 180 3796 1522 3884; baseline 0 -23"><span class='ocrx_word' id='word_1_396' title='bbox 180 3797 421 3862; x_wconf 89' lang='lat' dir='ltr'><strong>literatissimum</strong></span> <span class='ocrx_word' id='word_1_397' title='bbox 437 3803 469 3860; x_wconf 92' lang='lat' dir='ltr'><strong>et</strong></span> <span class='ocrx_word' id='word_1_398' title='bbox 483 3796 611 3860; x_wconf 90' lang='lat' dir='ltr'><strong>nominis</strong></span> <span class='ocrx_word' id='word_1_399' title='bbox 626 3798 683 3864; x_wconf 83' lang='lat' dir='ltr'><strong>Tui</strong></span> <span class='ocrx_word' id='word_1_400' title='bbox 699 3799 960 3876; x_wconf 88' lang='lat' dir='ltr'><strong>studiosissimum,</strong></span> <span class='ocrx_word' id='word_1_401' title='bbox 981 3802 1031 3884; x_wconf 88' lang='lat' dir='ltr'><strong>qui</strong></span> <span class='ocrx_word' id='word_1_402' title='bbox 1046 3809 1078 3865; x_wconf 91' lang='lat' dir='ltr'><strong>et</strong></span> <span class='ocrx_word' id='word_1_403' title='bbox 1092 3802 1161 3866; x_wconf 92' lang='lat' dir='ltr'><strong>hnic</strong></span> <span class='ocrx_word' id='word_1_404' title='bbox 1176 3799 1297 3883; x_wconf 85' lang='lat' dir='ltr'><strong>negotio</strong></span> <span class='ocrx_word' id='word_1_405' title='bbox 1314 3797 1522 3881; x_wconf 71' lang='lat' dir='ltr'><strong>asmonomico</strong></span> 
     </span>
     <span class='ocr_line' id='line_1_40' title="bbox 180 3886 803 3976; baseline -0.002 -25"><span class='ocrx_word' id='word_1_406' title='bbox 180 3887 316 3970; x_wconf 91' lang='lat' dir='ltr'><strong>impense</strong></span> <span class='ocrx_word' id='word_1_407' title='bbox 332 3887 417 3950; x_wconf 85' lang='lat' dir='ltr'><strong>favet</strong></span> <span class='ocrx_word' id='word_1_408' title='bbox 432 3894 465 3948; x_wconf 91' lang='lat' dir='ltr'><strong>et</strong></span> <span class='ocrx_word' id='word_1_409' title='bbox 478 3905 526 3973; x_wconf 90' lang='lat' dir='ltr'><strong>me</strong></span> <span class='ocrx_word' id='word_1_410' title='bbox 540 3887 655 3968; x_wconf 83' lang='lat' dir='ltr'><strong>passim</strong></span> <span class='ocrx_word' id='word_1_411' title='bbox 670 3886 803 3976; x_wconf 82' lang='lat' dir='ltr'><strong>adjuvat</strong></span> 
     </span>
    </p>
   </div>
   <div class='ocr_carea' id='block_1_8' title="bbox 249 4043 992 4112">
    <p class='ocr_par' dir='ltr' id='par_1_8' title="bbox 249 4043 992 4112">
     <span class='ocr_line' id='line_1_41' title="bbox 249 4043 992 4112; baseline 0.004 -16"><span class='ocrx_word' id='word_1_412' title='bbox 249 4045 334 4097; x_wconf 78' lang='lat' dir='ltr'><strong>Tertio</strong></span> <span class='ocrx_word' id='word_1_413' title='bbox 346 4046 409 4097; x_wconf 80' lang='lat' dir='ltr'><strong>sdiit</strong></span> <span class='ocrx_word' id='word_1_414' title='bbox 419 4044 545 4112; x_wconf 79' lang='lat' dir='ltr'><strong>Ksplsrus</strong></span> <span class='ocrx_word' id='word_1_415' title='bbox 558 4043 714 4111; x_wconf 75' lang='lat' dir='ltr'><strong>Scsligerum</strong></span> <span class='ocrx_word' id='word_1_416' title='bbox 726 4044 841 4098; x_wconf 81' lang='lat' dir='ltr'><strong>silentem</strong></span> <span class='ocrx_word' id='word_1_417' title='bbox 852 4046 891 4099; x_wconf 84' lang='lat' dir='ltr'><strong>his</strong></span> <span class='ocrx_word' id='word_1_418' title='bbox 902 4047 992 4099; x_wconf 80' lang='lat' dir='ltr'><strong>llterb:</strong></span> 
     </span>
    </p>
   </div>
   <div class='ocr_carea' id='block_1_9' title="bbox 123 4169 1524 4613">
    <p class='ocr_par' dir='ltr' id='par_1_9' title="bbox 123 4169 1524 4613">
     <span class='ocr_line' id='line_1_42' title="bbox 265 4169 1524 4255; baseline 0.001 -20"><span class='ocrx_word' id='word_1_419' title='bbox 265 4171 333 4252; x_wconf 82' lang='lat' dir='ltr'><strong>Ego</strong></span> <span class='ocrx_word' id='word_1_420' title='bbox 348 4189 412 4246; x_wconf 88' lang='lat' dir='ltr'><strong>me,</strong></span> <span class='ocrx_word' id='word_1_421' title='bbox 434 4170 493 4233; x_wconf 82' lang='lat' dir='ltr'><strong>Vir</strong></span> <span class='ocrx_word' id='word_1_422' title='bbox 507 4169 730 4246; x_wconf 88' lang='lat' dir='ltr'><strong>Illustrissimc,</strong></span> <span class='ocrx_word' id='word_1_423' title='bbox 751 4171 833 4236; x_wconf 86' lang='lat' dir='ltr'><strong>band</strong></span> <span class='ocrx_word' id='word_1_424' title='bbox 850 4179 923 4253; x_wconf 89' lang='lat' dir='ltr'><strong>puto</strong></span> <span class='ocrx_word' id='word_1_425' title='bbox 944 4172 1100 4248; x_wconf 86' lang='lat' dir='ltr'><strong>meritum,</strong></span> <span class='ocrx_word' id='word_1_426' title='bbox 1120 4179 1157 4236; x_wconf 89' lang='lat' dir='ltr'><strong>ut</strong></span> <span class='ocrx_word' id='word_1_427' title='bbox 1174 4176 1300 4255; x_wconf 74' lang='lat' dir='ltr'><strong>propter</strong></span> <span class='ocrx_word' id='word_1_428' title='bbox 1314 4172 1524 4253; x_wconf 61' lang='lat' dir='ltr'><strong>importum</strong></span> 
     </span>
     <span class='ocr_line' id='line_1_43' title="bbox 180 4259 1522 4342; baseline 0.002 -19"><span class='ocrx_word' id='word_1_429' title='bbox 180 4259 329 4342; x_wconf 88' lang='lat' dir='ltr'><strong>epistolae</strong></span> <span class='ocrx_word' id='word_1_430' title='bbox 345 4260 385 4322; x_wconf 88' lang='lat' dir='ltr'><strong>ad</strong></span> <span class='ocrx_word' id='word_1_431' title='bbox 400 4267 432 4324; x_wconf 93' lang='lat' dir='ltr'><strong>te</strong></span> <span class='ocrx_word' id='word_1_432' title='bbox 448 4259 582 4341; x_wconf 90' lang='lat' dir='ltr'><strong>scriptae</strong></span> <span class='ocrx_word' id='word_1_433' title='bbox 596 4259 787 4337; x_wconf 89' lang='lat' dir='ltr'><strong>mentionem,</strong></span> <span class='ocrx_word' id='word_1_434' title='bbox 803 4280 892 4342; x_wconf 78' lang='lat' dir='ltr'><strong>quem</strong></span> <span class='ocrx_word' id='word_1_435' title='bbox 907 4260 1047 4327; x_wconf 86' lang='lat' dir='ltr'><strong>Serarins</strong></span> <span class='ocrx_word' id='word_1_436' title='bbox 1062 4282 1111 4326; x_wconf 87' lang='lat' dir='ltr'><strong>me</strong></span> <span class='ocrx_word' id='word_1_437' title='bbox 1125 4262 1222 4326; x_wconf 88' lang='lat' dir='ltr'><strong>inscio</strong></span> <span class='ocrx_word' id='word_1_438' title='bbox 1236 4268 1351 4325; x_wconf 79' lang='lat' dir='ltr'><strong>nactus</strong></span> <span class='ocrx_word' id='word_1_439' title='bbox 1360 4259 1522 4342; x_wconf 76' lang='lat' dir='ltr'><strong>inMiuor·</strong></span> 
     </span>
     <span class='ocr_line' id='line_1_44' title="bbox 179 4348 1522 4435; baseline 0.007 -25"><span class='ocrx_word' id='word_1_440' title='bbox 179 4349 240 4414; x_wconf 86' lang='lat' dir='ltr'><strong>vali</strong></span> <span class='ocrx_word' id='word_1_441' title='bbox 254 4368 307 4418; x_wconf 60' lang='lat' dir='ltr'><strong>mo,</strong></span> <span class='ocrx_word' id='word_1_442' title='bbox 317 4350 440 4435; x_wconf 79' lang='lat' dir='ltr'><strong>dolente</strong></span> <span class='ocrx_word' id='word_1_443' title='bbox 455 4348 587 4424; x_wconf 80' lang='lat' dir='ltr'><strong>induxit,</strong></span> <span class='ocrx_word' id='word_1_444' title='bbox 610 4349 785 4423; x_wconf 87' lang='lat' dir='ltr'><strong>sinistrede</strong></span> <span class='ocrx_word' id='word_1_445' title='bbox 800 4370 862 4426; x_wconf 91' lang='lat' dir='ltr'><strong>me,</strong></span> <span class='ocrx_word' id='word_1_446' title='bbox 885 4352 965 4432; x_wconf 90' lang='lat' dir='ltr'><strong>qnod</strong></span> <span class='ocrx_word' id='word_1_447' title='bbox 984 4371 1022 4414; x_wconf 91' lang='lat' dir='ltr'><strong>ex</strong></span> <span class='ocrx_word' id='word_1_448' title='bbox 1037 4359 1090 4415; x_wconf 92' lang='lat' dir='ltr'><strong>tuo</strong></span> <span class='ocrx_word' id='word_1_449' title='bbox 1106 4352 1226 4415; x_wconf 82' lang='lat' dir='ltr'><strong>silentio</strong></span> <span class='ocrx_word' id='word_1_450' title='bbox 1243 4350 1396 4432; x_wconf 86' lang='lat' dir='ltr'><strong>suspicor,</strong></span> <span class='ocrx_word' id='word_1_451' title='bbox 1417 4351 1522 4432; x_wconf 71' lang='lat' dir='ltr'><strong>suspi-</strong></span> 
     </span>
     <span class='ocr_line' id='line_1_45' title="bbox 123 4438 1522 4522; baseline 0.004 -23"><span class='ocrx_word' id='word_1_452' title='bbox 123 4486 134 4499; x_wconf 83' lang='grc'>,</span> <span class='ocrx_word' id='word_1_453' title='bbox 179 4438 242 4501; x_wconf 88' lang='lat' dir='ltr'><strong>cari</strong></span> <span class='ocrx_word' id='word_1_454' title='bbox 256 4438 413 4521; x_wconf 91' lang='lat' dir='ltr'><strong>inciperes.</strong></span> <span class='ocrx_word' id='word_1_455' title='bbox 458 4439 538 4503; x_wconf 90' lang='lat' dir='ltr'><strong>Nam</strong></span> <span class='ocrx_word' id='word_1_456' title='bbox 554 4445 586 4499; x_wconf 88' lang='lat' dir='ltr'><strong>et</strong></span> <span class='ocrx_word' id='word_1_457' title='bbox 601 4438 658 4504; x_wconf 91' lang='lat' dir='ltr'><strong>tibi</strong></span> <span class='ocrx_word' id='word_1_458' title='bbox 673 4440 795 4521; x_wconf 89' lang='lat' dir='ltr'><strong>scriptis</strong></span> <span class='ocrx_word' id='word_1_459' title='bbox 815 4445 925 4522; x_wconf 81' lang='lat' dir='ltr'><strong>postea</strong></span> <span class='ocrx_word' id='word_1_460' title='bbox 939 4440 1036 4505; x_wconf 86' lang='lat' dir='ltr'><strong>literis</strong></span> <span class='ocrx_word' id='word_1_461' title='bbox 1057 4460 1123 4504; x_wconf 89' lang='lat' dir='ltr'><strong>snm</strong></span> <span class='ocrx_word' id='word_1_462' title='bbox 1137 4447 1271 4505; x_wconf 84' lang='lat' dir='ltr'><strong>testatus</strong></span> <span class='ocrx_word' id='word_1_463' title='bbox 1293 4439 1424 4504; x_wconf 90' lang='lat' dir='ltr'><strong>demea</strong></span> <span class='ocrx_word' id='word_1_464' title='bbox 1437 4441 1522 4504; x_wconf 85' lang='lat' dir='ltr'><strong>inte·</strong></span> 
     </span>
     <span class='ocr_line' id='line_1_46' title="bbox 179 4524 1522 4613; baseline 0.004 -24"><span class='ocrx_word' id='word_1_465' title='bbox 179 4527 291 4608; x_wconf 91' lang='lat' dir='ltr'><strong>gritate</strong></span> <span class='ocrx_word' id='word_1_466' title='bbox 308 4528 346 4592; x_wconf 90' lang='lat' dir='ltr'><strong>ab</strong></span> <span class='ocrx_word' id='word_1_467' title='bbox 363 4526 428 4610; x_wconf 85' lang='lat' dir='ltr'><strong>ejus</strong></span> <span class='ocrx_word' id='word_1_468' title='bbox 442 4527 499 4590; x_wconf 88' lang='lat' dir='ltr'><strong>viri</strong></span> <span class='ocrx_word' id='word_1_469' title='bbox 515 4528 652 4603; x_wconf 90' lang='lat' dir='ltr'><strong>consilio,</strong></span> <span class='ocrx_word' id='word_1_470' title='bbox 672 4527 749 4592; x_wconf 92' lang='lat' dir='ltr'><strong>etin</strong></span> <span class='ocrx_word' id='word_1_471' title='bbox 764 4528 866 4593; x_wconf 92' lang='lat' dir='ltr'><strong>libello</strong></span> <span class='ocrx_word' id='word_1_472' title='bbox 883 4530 919 4591; x_wconf 93' lang='lat' dir='ltr'><strong>de</strong></span> <span class='ocrx_word' id='word_1_473' title='bbox 934 4531 1040 4605; x_wconf 83' lang='lat' dir='ltr'><strong>Natali</strong></span> <span class='ocrx_word' id='word_1_474' title='bbox 1056 4528 1172 4595; x_wconf 81' lang='lat' dir='ltr'><strong>Christi</strong></span> <span class='ocrx_word' id='word_1_475' title='bbox 1188 4524 1292 4612; x_wconf 89' lang='lat' dir='ltr'><strong>(quem</strong></span> <span class='ocrx_word' id='word_1_476' title='bbox 1307 4531 1522 4613; x_wconf 68' lang='lat' dir='ltr'><strong>typog&#39;apbus</strong></span> 
     </span>
    </p>
   </div>
   <div class='ocr_carea' id='block_1_10' title="bbox 73 4616 1522 4701">
    <p class='ocr_par' dir='ltr' id='par_1_10' title="bbox 73 4616 1522 4701">
     <span class='ocr_line' id='line_1_47' title="bbox 73 4616 1522 4701; baseline 0.008 -24"><span class='ocrx_word' id='word_1_477' title='bbox 73 4657 80 4670; x_wconf 79' lang='grc'>.</span> <span class='ocrx_word' id='word_1_478' title='bbox 179 4616 349 4697; x_wconf 88' lang='lat' dir='ltr'><strong>imperitus,</strong></span> <span class='ocrx_word' id='word_1_479' title='bbox 371 4624 438 4681; x_wconf 86' lang='lat' dir='ltr'><strong>curn</strong></span> <span class='ocrx_word' id='word_1_480' title='bbox 453 4617 644 4697; x_wconf 72' lang='lat' dir='ltr'><strong>frontispicio.</strong></span> <span class='ocrx_word' id='word_1_481' title='bbox 661 4617 769 4682; x_wconf 84' lang='lat' dir='ltr'><strong>relicta</strong></span> <span class='ocrx_word' id='word_1_482' title='bbox 789 4618 910 4682; x_wconf 85' lang='lat' dir='ltr'><strong>videret</strong></span> <span class='ocrx_word' id='word_1_483' title='bbox 928 4639 1039 4695; x_wconf 86' lang='lat' dir='ltr'><strong>vacua,</strong></span> <span class='ocrx_word' id='word_1_484' title='bbox 1070 4639 1118 4684; x_wconf 89' lang='lat' dir='ltr'><strong>me</strong></span> <span class='ocrx_word' id='word_1_485' title='bbox 1149 4621 1276 4684; x_wconf 86' lang='lat' dir='ltr'><strong>absente</strong></span> <span class='ocrx_word' id='word_1_486' title='bbox 1302 4627 1335 4683; x_wconf 89' lang='lat' dir='ltr'><strong>ot</strong></span> <span class='ocrx_word' id='word_1_487' title='bbox 1356 4619 1522 4701; x_wconf 70' lang='lat' dir='ltr'><strong>ignorante</strong></span> 
     </span>
    </p>
   </div>
   <div class='ocr_carea' id='block_1_11' title="bbox 156 4699 1537 4893">
    <p class='ocr_par' dir='ltr' id='par_1_11' title="bbox 156 4699 1537 4893">
     <span class='ocr_line' id='line_1_48' title="bbox 179 4699 1521 4792; baseline 0.003 -22"><span class='ocrx_word' id='word_1_488' title='bbox 179 4699 304 4786; x_wconf 82' lang='lat' dir='ltr'><strong>Sylvam</strong></span> <span class='ocrx_word' id='word_1_489' title='bbox 320 4705 573 4787; x_wconf 82' lang='lat' dir='ltr'><strong>Chronologicam</strong></span> <span class='ocrx_word' id='word_1_490' title='bbox 586 4706 738 4770; x_wconf 89' lang='lat' dir='ltr'><strong>nominare</strong></span> <span class='ocrx_word' id='word_1_491' title='bbox 753 4707 864 4783; x_wconf 81' lang='lat' dir='ltr'><strong>uoluit,</strong></span> <span class='ocrx_word' id='word_1_492' title='bbox 885 4708 1046 4784; x_wconf 76' lang='lat' dir='ltr'><strong>ridiculam¹</strong></span> <span class='ocrx_word' id='word_1_493' title='bbox 1062 4709 1252 4780; x_wconf 84' lang='lat' dir='ltr'><strong>occasionem</strong></span> <span class='ocrx_word' id='word_1_494' title='bbox 1271 4728 1309 4770; x_wconf 89' lang='lat' dir='ltr'><strong>ex</strong></span> <span class='ocrx_word' id='word_1_495' title='bbox 1329 4708 1431 4787; x_wconf 77' lang='lat' dir='ltr'><strong>libelli,</strong></span> <span class='ocrx_word' id='word_1_496' title='bbox 1447 4729 1521 4792; x_wconf 89' lang='lat' dir='ltr'><strong>pro-</strong></span> 
     </span>
     <span class='ocr_line' id='line_1_49' title="bbox 156 4790 1537 4893; baseline 0.004 -21"><span class='ocrx_word' id='word_1_497' title='bbox 156 4892 159 4893; x_wconf 11' lang='lat' dir='ltr'><em>f</em></span> <span class='ocrx_word' id='word_1_498' title='bbox 179 4790 530 4892; x_wconf 67' lang='lat' dir='ltr'><strong>oemioeueuuetulad</strong></span> <span class='ocrx_word' id='word_1_499' title='bbox 544 4795 722 4878; x_wconf 74' lang='lat' dir='ltr'><strong>marginem,</strong></span> <span class='ocrx_word' id='word_1_500' title='bbox 742 4816 834 4881; x_wconf 70' lang='lat' dir='ltr'><strong>eum</strong></span> <span class='ocrx_word' id='word_1_501' title='bbox 845 4806 965 4880; x_wconf 64' lang='lat' dir='ltr'><strong>cotue</strong></span> <span class='ocrx_word' id='word_1_502' title='bbox 979 4797 1052 4878; x_wconf 73' lang='lat' dir='ltr'><strong>mu</strong></span> <span class='ocrx_word' id='word_1_503' title='bbox 1067 4797 1337 4875; x_wconf 58' lang='lat' dir='ltr'><strong>recesseratis</strong></span> <span class='ocrx_word' id='word_1_504' title='bbox 1357 4806 1537 4881; x_wconf 56' lang='grc' dir='ltr'>ιιιιιιιι</span> 
     </span>
    </p>
   </div>
   <div class='ocr_carea' id='block_1_12' title="bbox 0 0 1581 5476">
    <p class='ocr_par' dir='ltr' id='par_1_12' title="bbox 0 0 1581 5476">
     <span class='ocr_line' id='line_1_50' title="bbox 0 0 1581 5476; baseline 0 0"><span class='ocrx_word' id='word_1_505' title='bbox 0 0 1581 5476; x_wconf 95' lang='lat' dir='ltr'><strong> </strong></span> 
     </span>
    </p>
   </div>
  </div>
 </body>
</html>
