3194 5482
197 265 239 334 66
312 252 313 255 ¹
480 312 482 317 >
547 276 548 279 ¹
616 287 717 337 Literae
730 287 833 351 Kepleri
846 287 1000 351 aliorumque
1011 292 1114 336 mutuae

197 429 278 492 iuter
299 429 386 492 Noae
408 430 534 506 liberos,
561 445 656 510 neque
679 437 779 491 tamen
800 429 1030 510 primogenitum
1051 447 1119 490 esse
1141 436 1229 509 patet
1250 448 1288 491 en
1307 427 1533 510 'computatione

198 526 333 580 aetatum
348 519 518 606 utriusque.¹
1015 570 1019 573 ,

283 607 419 689 Denique
436 602 530 688 (quod
545 607 635 688 paulo
650 607 815 687 priuserat
831 601 1015 687 addendum)
1032 607 1058 669 si
1074 614 1209 669 assertor
1224 626 1256 668 es
1268 607 1423 688 originum,
1438 623 1533 686 neque

197 697 283 759 audis
299 696 495 776 interpretes:
519 716 579 759 non
594 691 711 776 poteris
725 696 767 759 40
788 717 883 758 annos
904 697 1114 758 essententia
1129 696 1216 758 Pauli
1230 697 1301 758 Act.
1320 696 1368 757 14.
1400 694 1534 757 Samueli

197 792 230 847 et
245 785 335 848 Sauli
351 785 491 860 tribuere,
506 786 555 866 qui
570 786 600 847 in
612 785 645 846 ·1.
656 785 737 847 Sam.
758 805 817 847 nou
839 793 909 847 sunt
925 786 984 846 toti
1002 785 1119 864 viginti.
1149 786 1228 847 Nam
1246 784 1363 847 LSam.
1381 779 1409 846 7.
1426 783 1534 862 viginti

197 893 291 936 annos
307 882 410 935 manet
425 893 498 951 arca
512 876 542 935 in
558 893 615 935 uno
632 874 713 936 loco:
738 882 771 936 at
788 894 822 936 eo
838 874 923 936 venit
940 886 1017 937 anno
1037 874 1132 954 primo
1149 882 1361 955 postmortem
1376 873 1441 947 Eli3
1465 872 1533 933 iude

197 964 329 1027 abducta
349 971 397 1024 est
417 983 495 1025 anno
512 963 541 1025 8.
556 972 627 1044 post
646 971 773 1025 mortem
794 961 909 1036 Saulis,
932 963 1189 1043 quamSamuelis
1209 981 1290 1024 mors
1311 963 1427 1043 aliquot
1448 961 1533 1051 annis

191 1051 370 1115 antevertit.
406 1051 556 1132 Objicias,
578 1060 725 1123 mortuum
747 1072 815 1114 esse
836 1052 1007 1114 Samuelem
1030 1058 1135 1114 senem'
1147 1052 1320 1125 admodum,
1342 1059 1448 1113 natum
1463 1069 1532 1111 vero

196 1141 251 1202 sub
270 1141 447 1221 pontificatu
468 1140 530 1203 Eli:
562 1160 633 1221 ergo
655 1141 768 1204 distare
796 1139 918 1203 Saulem
940 1136 1011 1221 (snb
1040 1161 1097 1222 qno
1117 1149 1251 1203 mortuus
1272 1148 1321 1202 est
1341 1134 1481 1218 Samuel)
1503 1146 1534 1199 et

195 1228 310 1291 initium
325 1229 518 1310 pontificatus
538 1230 587 1292 Eli
597 1230 684 1310 justa
699 1238 802 1292 aetate
812 1230 950 1304 hominis,
965 1250 1007 1292 sc.
1023 1230 1066 1293 80
1081 1231 1129 1292 vel
1146 1230 1188 1293 90
1204 1229 1299 1305 annis,
1314 1236 1348 1290 ut
1363 1229 1408 1299 ita
1424 1247 1532 1290 neces-

196 1319 274 1380 sario
291 1316 424 1380 Samueli
439 1326 585 1390 maneant
597 1319 640 1381 40
656 1320 725 1393 anui
742 1317 840 1381 cilicii.
875 1319 1072 1400 Respondeo:
1095 1327 1254 1399 natusest
1274 1318 1393 1380 omnino
1410 1316 1533 1380 Samuel

196 1407 250 1468 sub
266 1408 443 1488 pontificatu
464 1408 528 1482 Eli,
551 1409 605 1471 sed
620 1416 719 1469 utrum
739 1409 793 1470 sub
805 1408 943 1487 judicatu
965 1404 1020 1487 (da
1035 1408 1107 1470 mihi
1123 1408 1180 1477 hec
1195 1402 1294 1486 verbi)
1316 1414 1406 1468 natus
1424 1407 1481 1479 sit,
1503 1405 1532 1468 id

195 1515 254 1558 non
271 1496 405 1576 legimus,
420 1515 475 1558 nec
492 1496 600 1558 dicitur
614 1496 663 1558 Eli
678 1497 865 1577 pontificatui
881 1497 1048 1578 praefuisse
1065 1497 1107 1558 40
1123 1498 1240 1557 tantum
1257 1497 1357 1567 annis,
1381 1497 1436 1556 sed
1448 1495 1532 1574 judi-

196 1603 282 1647 casse
297 1584 339 1646 40
356 1585 451 1647 annis.
482 1583 561 1656 Quid
578 1586 603 1647 si
620 1604 691 1666 ergo
708 1594 798 1647 natus
814 1587 855 1649 sit
870 1586 1087 1657 subservitute
1103 1586 1271 1647 Philistaea
1286 1585 1337 1659 40,
1353 1592 1385 1645 et
1394 1584 1533 1664 judicatu

196 1672 344 1736 Simsonis
360 1676 402 1736 20
419 1674 581 1736 annorum?
1267 1745 1271 1753 ἱ

280 1762 379 1824 Venio
395 1763 433 1824 ad
450 1763 530 1825 alind
546 1770 766 1843 argumentum,
787 1782 844 1843 quo
866 1771 949 1824 tuam
965 1764 1099 1844 apertius
1116 1762 1276 1844 aggredior
1296 1760 1533 1824 calculationem

159 1915 162 1926 ,
194 1847 324 1932 Jephtes
346 1851 600 1914 in'recentissima
615 1852 911 1929 judicum-memoria
931 1861 1071 1915 numerat
1091 1873 1109 1913 a
1129 1852 1259 1936 transito
1274 1850 1408 1914 Jordane
1429 1857 1463 1910 et
1477 1850 1532 1910 de-

163 1979 166 1992 ·
192 1940 283 2002 victis
306 1938 419 2002 Sihcne
441 1948 472 2001 et
493 1939 581 2023 Oggo
604 1941 643 2001 ad
667 1960 751 2001 suum
765 1940 881 2001 initium
905 1961 1000 2003 annos
1016 1942 1093 2005 300,
1128 1941 1251 2002 Summa
1271 1940 1389 2020 quidem
1403 1939 1534 2000 rotunda

193 2024 243 2090 est
257 2037 291 2090 ut
312 2037 455 2110 apparet,
477 2048 533 2090 nec
548 2029 689 2090 minutias
712 2037 921 2103 consectatur,
944 2031 998 2091 sed
1021 2031 1048 2091 si
1061 2031 1130 2092 ideo
1146 2030 1263 2099 incerta
1285 2036 1347 2102 est,
1370 2028 1443 2108 quid
1459 2029 1532 2089 certi

194 2116 369 2191 tenebimus,
381 2118 504 2199 'quando
518 2119 679 2199 pleraeque
696 2137 827 2181 summae
844 2120 991 2181 rotundae
1008 2119 1098 2185 sunt?
1122 2121 1221 2180 Aetas
1233 2118 1344 2180 Adami
1363 2117 1435 2190 130,
1450 2116 1533 2178 Ends

192 2205 249 2280 90,
268 2204 375 2268 Kenan
393 2202 448 2284 70,
463 2207 552 2268 Noah
568 2206 647 2281 600,
662 2207 692 2269 in
707 2227 786 2269 nove
802 2215 987 2270 testamento
1005 2225 1136 2270 summae
1153 2217 1256 2270 omues
1272 2207 1367 2268 tales:
1388 2205 1467 2280 430,
1482 2206 1534 2279 40,

160 2369 164 2376 ¹
193 2295 252 2369 40,
274 2295 337 2357 350
361 2295 408 2357 vel
424 2295 488 2357 450
510 2296 536 2358 si
551 2295 654 2358 mavis.
692 2294 744 2358 Sic
766 2297 797 2360 in
811 2297 950 2358 Judicum
962 2297 1041 2359 libro
1058 2297 1128 2358 anni
1145 2296 1253 2378 quietis
1269 2296 1325 2370 40,
1340 2295 1399 2369 80,
1414 2295 1467 2368 40,
1483 2294 1533 2356 40.

139 2435 145 2446 ,
193 2381 295 2455 Quare
311 2384 338 2445 si
353 2385 408 2447 tibi
423 2404 483 2446 oon
498 2385 607 2447 metuis
628 2386 666 2448 ab
683 2384 781 2465 aliquo
802 2405 911 2467 magno
933 2406 1049 2460 errore,
1072 2387 1140 2449 dum
1161 2385 1278 2464 colligis
1298 2384 1446 2446 rotundos
1465 2383 1533 2446 illos

193 2492 288 2536 annos
305 2472 423 2553 quietis,
444 2473 493 2553 qui
508 2481 610 2534 tamen
625 2474 812 2555 populariter
826 2473 930 2555 scripti
945 2475 1099 2548 videntur,
1120 2483 1154 2537 ut
1168 2474 1328 2537 hodiedum
1349 2492 1410 2534 non
1425 2473 1534 2553 vulgus

194 2569 314 2624 tantum
330 2562 421 2636 solet,
438 2562 600 2624 sedetiam
614 2562 763 2637 historici,
780 2583 846 2624 cum
863 2564 1053 2626 summariter
1067 2563 1211 2625 historias
1227 2562 1436 2625 considerant:
1461 2580 1533 2642 ergo

193 2670 289 2733 neque
311 2650 390 2712 idern
412 2651 444 2713 in
464 2651 544 2713 illins
565 2650 718 2733 Jephthae
741 2653 805 2715 300
822 2653 908 2714 aunis
929 2660 1064 2727 metuas;
1094 2653 1153 2713 etsi
1176 2658 1271 2714 annus
1293 2651 1435 2715 fortassis
1457 2670 1534 2712 unus

194 2747 285 2821 atque
302 2739 381 2801 alter
395 2740 534 2821 utrinque
549 2740 728 2803 intercidere
743 2740 855 2823 possit,
878 2741 928 2823 qui
943 2750 1047 2815 tamen
1062 2741 1230 2803 errorculus
1246 2747 1419 2820 susceptam
1434 2758 1534 2801 meam

194 2829 486 2908 argumentationem
502 2846 561 2891 non
577 2837 702 2892 evertet.
732 2830 815 2911 Ergo
832 2851 850 2892 a
864 2831 1004 2911 Jephtlra
1016 2838 1065 2894 est
1081 2830 1226 2892 connexio
1243 2847 1387 2902 annornm
1402 2829 1434 2890 in
1449 2824 1534 2891 libris

157 2938 160 2943 ·
182 2917 331 2980 'Judicum
354 2925 438 2979 certa
454 2914 536 2991 6„7,
554 2917 607 2992 10,
623 2918 660 2992 8,
681 2919 863 2981 4‘Judicum.
892 2920 967 2981 Inde
991 2919 1121 2981 servitus
1137 2919 1305 2980 Philistaea
1320 2918 1362 2980 40
1379 2936 1534 2992 annorum,

191 3007 274 3069 intra
289 3024 377 3087 quam
391 3007 561 3068 referuntur
576 3009 618 3069 20
635 3007 784 3070 Samuelis
799 3008 900 3069 verbis
916 3009 1078 3089 expressis.
1107 3008 1151 3069 Et
1165 3005 1299 3088 quamvis
1315 3005 1365 3068 alii
1381 3005 1535 3069 residuum

104 3103 111 3115 ‘
192 3095 298 3158 horum
313 3095 356 3157 40
372 3114 515 3157 annorum
530 3098 584 3158 ant
599 3104 681 3158 retro
698 3098 752 3158 sub
767 3096 924 3158 Judicibus
938 3097 1093 3177 proximis,
1114 3097 1271 3175 autperto
1288 3096 1342 3158 sub
1357 3093 1405 3156 Eli
1422 3103 1534 3157 exten-

193 3185 269 3246 dant
284 3179 375 3265 (quos
391 3184 547 3247 confirmat
561 3185 601 3260 id,
617 3186 695 3270 quod
710 3192 818 3246 notatu
839 3185 1054 3265 dignissimum
1066 3193 1123 3259 est,
1143 3185 1221 3266 quod
1236 3183 1395 3249 Philistaei
1413 3185 1441 3246 1.
1451 3184 1535 3247 Sam.

48 3263 51 3268 ’
121 3311 132 3329 .
193 3272 393 3348 4,9dicunt:
424 3272 916 3356 Cossortamioi,ocseruimooa
934 3273 1092 3337 Hebraeis
1112 3275 1211 3336 sicot
1229 3274 1308 3354 ipsi
1329 3276 1437 3337 aedis
1456 3294 1535 3336 scr-

192 3364 352 3425 oa‘oruot.
382 3364 448 3424 Nec
463 3362 574 3424 hercle
588 3363 652 3439 sine
675 3380 767 3425 eausa
781 3364 861 3425 inter
877 3364 1046 3426 Simeonem
1068 3370 1101 3425 et
1118 3358 1170 3425 Eli
1182 3363 1323 3443 fingenda
1342 3371 1392 3424 est
1407 3372 1535 3447 ruptura

194 3451 388 3514 connexionis
403 3452 566 3514 historicae
581 3452 695 3514 tamdiu
715 3472 769 3532 per
784 3460 847 3513 tam
867 3453 1042 3515 turbulenta
1058 3460 1196 3533 tempora
1215 3452 1419 3514 continuatae.
1454 3454 1536 3516 Nam

193 3541 251 3602 hoc
267 3547 353 3602 textu
369 3540 508 3602 videntur
524 3541 593 3602 anni
608 3541 658 3602 Eli
673 3540 803 3603 universi
819 3542 903 3621 rejici
919 3542 949 3603 in
966 3559 1062 3604 annos
1077 3539 1325 3615 Philistaeorum,
1340 3538 1390 3604 'ita
1411 3548 1448 3604 ut
1468 3542 1534 3623 pri·

79 3688 81 3696 ,
139 3630 141 3633 ’
192 3630 250 3692 mis
271 3631 312 3691 20
329 3631 416 3691 annis
433 3628 553 3692 Simson
569 3638 602 3691 et
610 3629 659 3692 Eli
674 3630 761 3692 simul
771 3630 945 3709 judicarint,
961 3631 1083 3711 reliquis
1093 3630 1176 3692 sulus
1185 3630 1243 3692 Eli.
1272 3631 1393 3695 Etenim
1408 3650 1469 3693 non
1486 3639 1536 3692 est

192 3713 342 3793 insolens,
365 3719 441 3780 duos
458 3719 544 3780 simul
566 3738 634 3780 esse
655 3718 788 3797 jndices,
812 3738 878 3780 cum
899 3718 1021 3782 Samuel
1036 3719 1181 3799 judicarit
1203 3727 1270 3780 teto
1290 3719 1373 3781 vitae
1395 3728 1535 3801 tempore

193 3807 289 3869 Israel
304 3807 335 3868 in
349 3806 516 3881 Ramatha,
535 3807 588 3871 dlii
604 3808 668 3887 ejus
683 3808 713 3869 in
728 3808 875 3870 Bersaba.
905 3808 947 3870 Et
962 3808 1037 3888 Cap.
1056 3810 1104 3870 10.
1120 3827 1147 3868 v.
1163 3807 1184 3870 8
1199 3808 1268 3872 Jnd.
1283 3808 1419 3871 videmus
1435 3811 1534 3871 inter-

149 3976 151 3984 *
195 3897 265 3957 dum
280 3903 399 3976 partem
416 3896 546 3976 aliquam
557 3895 763 3959 Israelitarum
779 3897 938 3982 afflictam3
963 3917 1017 3959 nec
1033 3898 1148 3971 mirum,
1164 3916 1229 3959 cmu
1244 3915 1316 3976 rege
1331 3907 1480 3971 carerent,
1495 3899 1535 3960 ab

192 3984 320 4046 invicem
331 3984 518 4048 abalienatos
529 3985 680 4048 etoblitos
691 4005 767 4047 esse.
786 3987 822 4048 Id
831 3986 945 4066 passim
954 3986 1058 4049 videas
1067 3986 1157 4048 etiam
1165 3987 1196 4047 in
1204 3986 1472 4049 canticoDeborae
1480 3988 1534 4048 dac.

193 4073 273 4135 Vide
289 4070 389 4153 igitur,
409 4093 447 4135 an
463 4093 522 4136 non
538 4075 617 4136 idem
631 4074 662 4136 in
677 4074 780 4137 multis
796 4075 888 4137 etiarn
904 4074 971 4137 aliis
986 4095 1130 4138 annorum
1147 4068 1418 4156 computationibus
1435 4077 1534 4138 locum

162 4184 163 4191 ¹
193 4162 327 4224 habeat?
346 4162 389 4224 Et
403 4183 444 4224 au
458 4183 519 4225 non
533 4163 590 4225 hoc
605 4172 696 4244 pacto
707 4164 944 4226 commodissime
962 4165 1047 4228 simul
1063 4165 1212 4226 numerari
1226 4165 1345 4244 possint
1359 4165 1431 4227 anni
1447 4165 1534 4247 quie·

176 4251 235 4314 tis
252 4251 281 4312 in
297 4251 456 4331 potissima
469 4253 605 4315 Judaeae
620 4260 717 4334 parte,
733 4260 766 4314 et
776 4253 846 4314 anni
857 4255 1012 4336 servitutis
1021 4255 1052 4316 in
1062 4248 1220 4333 finibusl);
1245 4253 1388 4333 quamvis,
1403 4254 1536 4337 inquam,
1580 4245 1590 4337 ’μ

194 4338 238 4401 illi
254 4339 297 4401 40
313 4341 383 4402 anni
397 4341 630 4406 philistaeorum
653 4343 707 4404 sub
724 4341 843 4421 judices
859 4342 976 4424 priores
996 4343 1118 4405 extendi
1140 4343 1275 4422 possint,
1296 4343 1410 4422 largiar
1430 4353 1535 4410 tamen
1581 4404 1585 4409 ..

108 4468 110 4472 »
192 4427 331 4508 integros
348 4431 574 4493 exabundanti.
605 4430 778 4511 Sequuntur
799 4431 841 4492 40
863 4432 912 4493 Eli
935 4440 966 4494 et
989 4433 1031 4494 20
1046 4431 1116 4493 anni
1138 4431 1176 4497 ab
1198 4430 1247 4492 Eli
1269 4432 1309 4492 ad
1329 4432 1481 4495 Davidem
1504 4434 1535 4496 in
1590 4425 1597 4502 ζ

195 4516 409 4598 Jerosolymis,
430 4519 473 4582 33
489 4519 614 4581 anniad
631 4518 838 4595 Salomonem,
861 4520 882 4582 3
904 4523 943 4583 ad
952 4522 1111 4600 templum.
1138 4518 1303 4599 'Collige-6,
1324 4515 1352 4594 7,
1371 4522 1421 4596 10,
1435 4522 1467 4597 8,
1482 4523 1535 4596 40,
1576 4590 1597 4608 a

81 4625 83 4628 ’
196 4605 252 4680 40,
269 4607 324 4681 20,
340 4608 396 4681 33,
411 4608 445 4682 3,
466 4608 600 4669 invenies
619 4603 696 4682 167,
718 4627 793 4689 quos
809 4630 828 4670 a
843 4617 897 4672 tua
914 4608 1028 4672 summa
1050 4609 1076 4669 si
1091 4608 1295 4684 abstraxeris,
1317 4612 1428 4673 residui
1446 4603 1537 4674 erunt

196 4693 260 4757 425
276 4695 315 4758 ab
331 4697 413 4758 exitu
428 4697 468 4758 ad
476 4697 650 4776 Jephtham,
666 4698 751 4759 dsnre
767 4697 810 4760 40
820 4698 943 4773 deserti,
958 4704 1078 4760 restant
1092 4695 1166 4758 385.
1197 4695 1299 4767 Quare
1315 4698 1406 4780 longe
1420 4703 1535 4764 rectius
1570 4691 1583 4751 ’ί

195 4781 331 4864 Jeplrtlra
345 4784 473 4847 dixisset
488 4784 553 4846 400
575 4804 668 4866 quarn.
683 4787 749 4848 300
765 4807 870 4850 annos
905 4785 1134 4851 novabis-mihi
1154 4784 1239 4864 litem
1259 4788 1296 4849 de
1311 4789 1434 4852 nimium
1450 4791 1535 4854 brari
1576 4785 1597 4793 ”
