3112 5474
166 249 232 318 808
516 269 518 274 ·
670 270 894 345 neuneu-un
906 269 1006 330 mene.

164 412 271 494 quibus
287 411 384 492 gestis
400 410 552 474 exercitus
567 410 598 476 in
613 413 741 477 hiberna
757 414 876 489 ductos,
890 419 969 495 puta
982 413 1041 481 line
1057 411 1128 474 anni
1144 410 1173 475 6.
1197 412 1241 475 Ει
1254 411 1400 476 Romani:
1418 411 1482 474 Ver·
1534 483 1536 486 4

163 501 270 563 tidium
288 519 344 582 per
364 508 524 564 aestatem
539 502 612 565 anni
634 503 664 566 6.
679 502 896 584 Phemapaten
913 497 1064 583 (Josepho
1079 496 1348 583 Barzapharnem)
1365 501 1486 564 delevisse

162 590 355 671 Parthosque
371 598 404 653 et
419 590 525 652 ducem
541 609 643 654 eorum
657 593 808 655 Pacorum
823 592 915 674 Syria
931 591 1092 672 expulisse,
1113 591 1274 671 Antigone
1288 591 1426 654 Judeeae
1437 607 1488 670 rege
1543 598 1548 632 ι

162 697 218 760 per
240 679 377 742 Silonem
398 679 429 741 in
454 679 589 742 ordinem
612 681 738 743 redacto
761 681 957 763 pecuniisque
982 679 1021 742 ab
1044 679 1096 759 illo
1120 687 1154 742 et
1172 701 1193 742 a
1213 680 1421 743 Nabathaeos
1439 697 1491 759 rege

161 767 284 831 Malcho
300 762 387 850 (quia
401 767 536 848 Josepho
551 770 651 834 indice
665 771 799 833 Parthos
810 764 949 851 juverat)
972 769 1251 850 extortis.⁴1tsqns
1268 787 1338 831 cum
1358 786 1433 850 pace
1446 787 1495 830 eun

161 857 307 938 Pompejo
330 857 414 919 sacta
438 859 591 922 Antonius
616 866 760 922 autumno
782 860 1004 941 propinquante
1027 858 1155 920 abiisset
1177 865 1213 920 ut
1235 866 1351 921 contra
1376 857 1497 930 Parthos

162 946 395 1028 hibernaretqne
406 947 547 1023 Athenis,
562 948 690 1029 primum
705 949 846 1012 nuncium
860 948 981 1047 accepit
996 947 1033 1009 de
1043 946 1181 1009 Ventidii
1195 947 1294 1028 legati
1310 948 1360 1010 sui
1369 946 1497 1017 victoria

161 1035 232 1097 dum
250 1036 372 1098 interim
392 1036 531 1099 Herodes
552 1038 654 1119 aliqua
668 1038 766 1119 gessit
781 1039 888 1113 hieme,
903 1042 961 1119 quo
976 1036 1277 1117 temporeiosephus
1294 1034 1499 1098 aitAntoniuu

160 1123 294 1187 Athenis
310 1125 411 1187 fuisse.
450 1124 564 1188 Statim
584 1135 779 1232 utrorumque
796 1145 944 1190 consensu
966 1124 1124 1205 subjicitur
1138 1144 1234 1188 novus
1257 1132 1431 1207 apparatus
1444 1124 1500 1187 belli

160 1211 315 1287 Parthici3
339 1214 475 1295 quamvis
490 1216 682 1278 Antonium
673 1236 704 1279 ιιι
718 1217 853 1279 Parthos
867 1216 979 1278 iturum
995 1213 1113 1279 Caesar
1128 1215 1347 1278 revocaverit
1336 1235 1371 1276 ru
1386 1213 1500 1286 Italiam.

161 1301 240 1383 quod
254 1303 417 1384 Pompejns
434 1322 495 1367 non
510 1312 610 1367 staret
621 1306 733 1386 pactis.
768 1306 894 1369 Parthis
910 1311 1013 1367 antem
1034 1303 1145 1367 bellum
1167 1303 1389 1384 repetentibus
1403 1301 1498 1364 Vend-

146 1391 228 1455 vdius
251 1393 383 1454 occurrit
405 1412 554 1474 caesoque
578 1395 701 1458 ductore
724 1396 859 1469 Pacato,
880 1394 1014 1459 Parthos
1034 1393 1115 1469 ¹Asin
1136 1401 1169 1454 et
1183 1390 1278 1474 Syria
1300 1392 1498 1474 expulitque

159 1480 242 1543 iacto
258 1479 411 1561 Josephus
434 1482 479 1545 ait
493 1483 672 1546 Ventidium
690 1484 805 1547 Herodi
828 1483 964 1546 subsidia
986 1482 1114 1544 misisse.
1149 1479 1235 1561 Quae
1258 1481 1356 1563 igitur
1378 1480 1498 1544 Herodes

159 1568 207 1631 his
224 1570 344 1632 auxiliis
360 1571 456 1633 fretus
478 1573 591 1654 gessit,
614 1592 651 1636 ea
661 1573 755 1636 ‹flnem
771 1572 842 1636 anni
857 1567 887 1635 i.
904 1577 1068 1653 occupant,
1090 1570 1199 1652 quippe
1216 1569 1433 1643 Machaeram,
1444 1568 1496 1630 Ro·

160 1676 281 1720 manum
297 1659 412 1735 ducem,
426 1661 447 1723 J
449 1662 627 1744 erosolymis
638 1663 792 1725 exclusum
802 1662 847 1725 ait
857 1661 959 1724 abisse·
967 1659 1212 1734 Hierichuntem·
1220 1659 1327 1741 ntique
1338 1660 1372 1722 in
1381 1659 1497 1721 hiberos

158 1747 323 1811 Ventidius
339 1748 498 1813 victoriam
512 1748 692 1832 persecutus
708 1751 748 1814 ad
761 1751 951 1833 Euphratem
973 1748 1374 1831 perrexit'Antioohumque
1388 1745 1497 1810 ¹obsedit

131 1880 133 1885 ,
159 1833 345 1901 Samosatis:
377 1856 444 1902 cnm
458 1839 579 1903 interim
593 1840 763 1916 Antonius,
784 1835 925 1903 celeriter
945 1858 984 1902 ex
1005 1837 1099 1901 Italia
1120 1856 1262 1900 reversus
1287 1837 1320 1900 in
1343 1835 1499 1908 Grseeisu,

158 1925 228 1988 inde
242 1927 339 1989 movit
353 1927 384 1990 in
400 1927 521 2004 Asiam,
547 1930 706 2012 subitoque
720 1929 866 1993 Ventidio
883 1927 1059 2009 supervenit
1080 1925 1234 1990 obsidenti
1248 1925 1420 1989 Samosata
1428 1924 1494 2005 jam·

158 2033 215 2097 qne
231 2034 323 2097 super
339 2016 491 2093 deditione
507 2026 615 2098 pacto;
635 2019 793 2083 Antonius
808 2036 881 2081 vero
898 2017 1011 2098 spretis
1027 2015 1249 2079 conditionibus
1266 2015 1386 2079 arctius
1397 2013 1494 2078 Semo-

158 2112 229 2167 sata
248 2106 384 2181 obsedit,
406 2106 460 2169 sed
475 2108 742 2188 perumproiecit,
764 2115 885 2190 tempus
901 2113 1042 2182 tractum,
1057 2107 1122 2186 ipse'
1139 2103 1259 2167 damnis
1279 2103 1419 2186 plurimis
1432 2101 1493 2168 mul·

157 2200 252 2255 tatus.
276 2195 386 2276 Itaque
396 2195 550 2276 Josephus
567 2198 620 2272 ait,
634 2198 787 2260 Herodem
803 2216 870 2260 cum
880 2196 1016 2260 exercitu
1031 2194 1071 2258 ad
1080 2194 1248 2256 Antonium
1264 2193 1381 2269 abisse,
1394 2209 1493 2274 oppug-

157 2290 281 2345 nantem
304 2280 470 2348 Samosata
492 2285 532 2348 ad
552 2287 756 2367 Euphratem,
780 2285 901 2349 venisse
926 2282 1180 2366 opportunissimo
1203 2289 1345 2364 tempore
1367 2300 1422 2345 neo
1443 2281 1492 2347 sint

156 2371 299 2453 periculo.
339 2373 475 2436 Tandem
499 2375 662 2449 levioribus
688 2376 910 2439 conditionibus
935 2375 1086 2436 deduntur
1110 2371 1294 2447 Samosata,
1327 2370 1492 2435 Claudiost

156 2461 303 2525 Norbano
321 2461 425 2538 Coss,
448 2461 479 2526 id
501 2471 551 2527 est
567 2484 646 2528 anno
662 2463 707 2541 8.,
728 2484 817 2548 quam
834 2459 1018 2529 deditionem
1032 2462 1185 2543 Josephus
1208 2454 1254 2523 ait
1268 2460 1423 2524 Herodem
1436 2477 1490 2541 pro

158 2569 282 2613 curasse
297 2551 443 2615 Antonio.

244 2641 368 2705 Interea
390 2643 526 2705 referunt
548 2641 683 2723 utrique,
705 2642 809 2705 deleta
828 2660 896 2705 esse
919 2640 1074 2723 praesidia
1087 2639 1244 2714 Romms,
1268 2655 1349 2720 qnae
1372 2635 1489 2712 ercutio

155 2727 292 2806 Judsea,
314 2731 354 2793 ab
375 2731 550 2812 Antigono,
572 2729 727 2812 Josephus
750 2731 795 2794 ιιι
816 2732 931 2794 lactum
946 2739 1083 2812 tempore
1101 2727 1231 2803 messis,
1251 2728 1378 2790 Herode
1400 2725 1489 2790 Sum·

157 2819 235 2882 satis
251 2820 395 2896 absente,
417 2829 450 2882 et
465 2820 612 2884 cecidisse
627 2820 794 2902 Josephnm
809 2821 941 2883 Herodis
956 2820 1082 2882 fratrem
1105 2835 1172 2880 cum
1186 2816 1320 2899 quinque
1336 2813 1490 2880 coloratu

155 2908 312 2972 Romanis.
1091 2933 1097 2943 1

245 2998 397 3067 Convenit
418 3004 451 3060 et
466 2997 508 3060 de>
520 3015 696 3063 successore
711 2996 851 3060 Ventidii
866 2994 956 3060 Sosio
979 2996 1010 3058 in
1023 2995 1144 3059 Judaea
1166 2995 1263 3076 deque
1279 2993 1412 3058 victoria
1425 2988 1489 3056 Sodi

156 3088 194 3151 de
209 3088 383 3192 Antigono,
406 3106 496 3169 qnam
517 3086 632 3151 Herodi
648 3087 767 3169 quidem
781 3084 936 3167 Josephus
952 3085 1108 3159 adscribit,
1123 3085 1179 3147 sed
1192 3083 1321 3147 habenti
1341 3083 1489 3165 legionen

158 3175 248 3240 Sosio
264 3178 390 3252 missas,
413 3184 445 3238 et
461 3176 498 3239 de
514 3177 586 3257 iuga
600 3176 751 3257 Antigoni
765 3174 983 3256 Jerosolymas.
1013 3174 1121 3254 Pergit
1135 3178 1238 3237 autem
1251 3172 1421 3254 Josephus:
1441 3170 1488 3232 lle-

158 3267 262 3329 rodem
282 3266 488 3329 imminentem
502 3265 739 3347 hierosolymis,
749 3265 806 3327 ιιι
821 3271 856 3327 ιι
869 3264 1045 3344 Antigonus
1062 3264 1164 3343 fugam
1179 3262 1435 3352 circumspiceret,
1451 3276 1488 3320 re·

157 3362 276 3418 tentum
291 3355 384 3418 luisse
394 3354 640 3436 tempestatibus,
657 3354 764 3436 quibus
775 3353 1022 3417 desaevientibus
1038 3351 1257 3415 castralocats
1267 3333 1490 3430 adJerosolJm

158 3463 237 3507 anno
260 3443 368 3519 tertio,
391 3463 429 3507 ex
452 3463 510 3525 quo
532 3462 588 3506 rex
603 3443 696 3505 luerit
717 3442 907 3517 declaratus,
928 3448 1004 3523 puts
1025 3441 1083 3502 fine
1100 3439 1226 3515 anniti,
1247 3439 1287 3502 de
1312 3440 1398 3520 qu‘us
1411 3451 1490 3501 mesre

158 3552 250 3638 supra
269 3534 460 3637 loquebatur.
505 3532 586 3609 Dion
608 3533 676 3595 vult
697 3531 778 3595 his
770 3532 845 3612 rpsis
868 3528 956 3594 Coss.
980 3536 1013 3592 et
1037 3536 1160 3610 captam
1184 3547 1253 3594 esse
1277 3529 1490 3627 JerosolJmetl.

157 3623 295 3686 nimirum
317 3623 388 3725 qnia
409 3622 467 3684 hoo
485 3641 567 3684 anno
590 3621 719 3684 obsessa
741 3621 806 3683 fuit
840 3620 889 3683 De
909 3619 984 3682 urbe
1007 3637 1081 3682 vero
1102 3624 1195 3699 capta
1217 3618 1286 3700 quis
1301 3617 1396 3681 Dioni
1409 3614 1490 3698 polius

158 3712 273 3787 credat,
289 3731 347 3795 qur
330 3711 419 3774 200
436 3711 523 3774 annis
538 3717 611 3791 post
625 3710 719 3786 vixit,
740 3728 830 3792 quam
848 3707 984 3789 Josepho
1007 3712 1099 3790 gente
1113 3707 1232 3770 Judaeo
1250 3713 1287 3768 et
1309 3714 1416 3770 aetate
1434 3721 1490 3787 pro-

150 3801 251 3883 piori,
272 3801 454 3882 praesertim
476 3818 543 3862 cnm
557 3799 639 3862 Dion
654 3800 790 3862 fateatur
804 3798 900 3861 multa
916 3796 1026 3869 damna
1039 3796 1166 3860 Judueis
1181 3796 1284 3871 illata,
1306 3796 1405 3858 multa
1419 3794 1491 3856 etim

157 3898 302 3972 accepta,
332 3889 412 3952 uude
438 3888 669 3952 diuturnitatem
700 3886 866 3950 obsidionis
898 3885 1051 3966 conjicias.
1100 3887 1184 3949 'lunc
1211 3884 1348 3966 quidem
1357 3882 1491 3948 Antonius

156 3980 288 4043 reditum
309 3978 463 4072 paravit
454 3998 485 4041 ιιι
500 3976 639 4052 Italiam;
664 3983 701 4039 et
712 3983 887 4059 sequentem
909 3973 1065 4038 anuum9.
1081 3973 1178 4038 eundo
1199 3974 1416 4056 redeundoque
1433 3988 1490 4035 cor·

157 4070 277 4144 sumsit,
299 4059 402 4132 nihil
394 4087 425 4129 ιιι
441 4066 533 4149 Syna
554 4068 674 4129 ellecto.
718 4067 838 4130 Atreu
861 4064 1000 4127 Herodes
1024 4063 1105 4143 apud
1124 4063 1232 4131 urbem
1250 4064 1367 4126 cestris
1388 4058 1491 4126 munitis

157 4156 283 4222 abivit
274 4177 306 4220 m
329 4155 515 4219 Samariam.
539 4154 662 4235 nuptias
685 4154 844 4217 celebrans
867 4172 935 4216 cum
948 4153 1118 4216 Mariamne
1132 4152 1321 4229 Asmenset,
1336 4153 1492 4234 ntiqrspo

44 4277 46 4281 ’
155 4247 293 4311 hiemem.
337 4246 454 4308 Postea
476 4244 612 4324 Josepho
637 4249 782 4306 narrante
806 4242 893 4305 venit
915 4241 1023 4306 Sosius
1047 4260 1086 4304 ex
1110 4241 1280 4316 Phoenice,
1311 4249 1345 4304 et
1370 4236 1490 4304 adducti·

155 4336 276 4418 magnis
293 4331 478 4399 exercitibus
494 4332 616 4396 obsedit
631 4350 698 4395 cum
707 4330 830 4394 Herode
844 4330 1081 4413 lerosolymamr
1096 4329 1129 4393 id
1143 4329 1247 4412 ntique
1257 4331 1326 4411 jam
1341 4329 1414 4394 anni
1427 4338 1489 4390 teu·

155 4431 279 4507 pestate
303 4426 443 4500 lavente;
467 4422 590 4486 duravit
612 4420 729 4484 obsidio
743 4420 924 4495 mensssli,
948 4419 1119 4483 scilicetex
1135 4438 1192 4501 quo
1206 4419 1341 4484 Romani
1357 4418 1488 4482 exercitu

158 4514 362 4588 advenerunt3
387 4520 566 4616 expugnata
579 4517 641 4585 est,
660 4517 696 4573 ut
709 4509 807 4586 Dion,
829 4509 998 4584 sabbatho,
1018 4516 1054 4571 ut
1067 4507 1184 4572 Strabo
1198 4527 1272 4572 vero
1289 4509 1488 4590 interpretatur

158 4622 224 4667 enm
239 4603 390 4685 Josepho,
401 4602 474 4665 die
459 4601 577 4682 Jejunii,
593 4607 626 4663 et
640 4617 743 4662 mense
760 4598 890 4703 quidem·
894 4598 987 4661 tertio
1002 4617 1063 4661 nou
1079 4597 1254 4675 obsidionis,
1268 4598 1377 4703 utjam
1385 4598 1484 4663 dictos

158 4692 212 4755 sed
235 4713 305 4755 aum
297 4691 456 4765 'Judeici,
477 4691 509 4753 id
520 4698 574 4753 'est
588 4707 692 4751 meuse
709 4687 820 4764 Sivan,
841 4687 892 4769 qni
912 4688 944 4749 in
959 4686 1142 4750 calendario
1157 4686 1312 4752 Hebraico
1334 4687 1394 4750 trie
1410 4682 1481 4750 hebel

111 4786 114 4793 “
153 4781 287 4862 jejunia,
308 4798 412 4843 mense
436 4779 540 4863 itaque
561 4777 669 4852 Junio,
692 4796 780 4841 secus
803 4794 892 4858 quam
915 4775 1067 4839 Calvisius
1088 4775 1185 4840 hahet
1205 4777 1257 4840 iol
1276 4777 1326 4841 10.
1340 4772 1478 4857 Epirote
