3194 5482
232 230 276 296 80
475 233 476 236 “
574 212 577 227 ¹
652 251 871 320 LiteraexKepieri
881 251 1148 319 unumquempiam

232 405 280 441 non
291 389 413 441 indicasse
423 391 465 442 vei
476 391 567 442 saltem
576 395 756 458 perstrinxisse.
792 393 859 447 Nam
869 396 935 461 quod
954 395 1038 447 afferri
1053 401 1149 461 posset,
1165 394 1257 445 Lunae
1268 394 1363 445 nulism
1380 395 1436 450 fieri
1451 409 1483 447 ne
1502 410 1569 447 men·

171 486 173 494 s
231 465 323 512 tionem
335 462 442 526 quidem,
454 463 479 513 id
490 463 551 513 nihil
562 464 653 525 obstat,
666 481 721 515 cum
733 467 796 516 baec
808 468 947 517 observatio
959 466 1073 518 rideatur
1081 467 1175 526 habere
1183 472 1291 516 tractum
1300 470 1416 532 temporis
1429 475 1456 517 et
1467 467 1569 532 plurium

231 533 294 584 iorte
308 532 417 593 dierum,
436 534 525 597 quibus
541 535 637 585 coelum
650 537 752 601 Figulus
769 540 851 590 iuerat
867 531 1110 603 contemplatus.)
1126 544 1210 589 autem
1229 538 1255 587 iu
1272 538 1345 588 horas
1364 539 1458 590 nedum
1475 540 1502 588 in
1521 538 1569 588 dies

230 604 372 681 notabiliter
383 611 499 655 mutetur.
525 604 610 666 Quare
622 609 676 657 sine
688 609 755 659 omni
767 609 840 660 dubio
853 611 891 658 ita
903 611 1061 675 accipiendos
1074 617 1114 661 est
1122 609 1246 669 Lucanus,
1259 611 1321 659 acsi
1332 610 1428 661 diceret
1439 610 1480 661 vel
1491 612 1569 674 potios

230 676 344 745 l'igulum
365 675 584 728 deliberabundnnr
610 685 687 744 atque
703 682 740 730 ita
758 680 882 733 (1100000οι
900 682 1070 745 introduceret
1087 680 1191 732 decreta
1208 680 1408 746 astrologorum·
1428 680 1457 731 Si
1476 678 1569 745 (positi

229 748 347 798 videlicet
357 745 484 811 ponendis)
501 748 516 811 fi
533 750 559 799 in
572 757 618 800 m
635 758 662 801 et
676 766 771 802 mmmo
784 752 851 802 coslo
864 759 943 811 esset,
960 753 1148 804 inundationem
1168 767 1223 802 exse
1240 752 1359 818 futuram
1395 753 1429 802 Et
1441 754 1464 802 si
1475 748 1569 816 (positis

232 819 390 868 consimiliter
401 817 530 883 ponendis)
544 820 586 870 Sol
598 828 659 871 tunc
670 824 696 872 in
709 817 732 887 i}
747 829 823 885 esset,
836 823 977 873 incendium
989 823 1109 875 denotari
1147 819 1257 887 (Frigida
1274 829 1361 874 autern
1378 831 1417 873 est
1430 825 1471 873 sui
1481 826 1569 872 natust

230 888 332 939 Saturni
342 889 424 947 stella,
437 891 547 956 soletque
559 894 642 958 nigros
654 908 699 944 seu
710 895 831 944 infaustos
844 902 871 944 et
879 901 946 945 atros
958 896 1038 960 ignes,
1050 897 1067 945 i.
1081 910 1102 944 e.
1116 895 1220 945 effectus
1234 894 1370 945 accendere
1388 909 1434 943 sen
1447 891 1569 954 caesarei

229 959 362 1026 Subiungit
377 969 462 1011 autem
481 963 582 1028 Figulus
600 965 805 1030 contemplativus
821 965 885 1016 bace
901 966 989 1016 verba:
1015 967 1049 1015 Hi
1065 973 1165 1016 cessant
1183 967 1266 1031 ignes,
1286 967 1358 1031 quasi
1377 965 1460 1025 diest,
1484 965 1569 1014 borum

228 1031 361 1083 affectuum
372 1040 489 1083 0000000
500 1049 530 1084 eo
541 1049 605 1085 auno
618 1050 754 1100 apparere,
774 1052 832 1087 oum
842 1052 877 1088 sc.
890 1051 937 1088 uec
955 1037 1084 1090 mundatio
1102 1051 1149 1088 nea
1162 1039 1239 1088 etiarn
1257 1037 1399 1088 moendinm
1415 1051 1447 1087 eo
1459 1043 1569 1101 ternpore

227 1104 379 1169 contigisset.
408 1103 514 1171 ideoque
528 1107 615 1156 exinde
628 1107 730 1174 colligit.
742 1108 851 1159 Martem
863 1109 942 1159 solum
954 1108 1046 1159 babere
1059 1107 1162 1159 coelum.
1205 1157 1206 1164 ,

296 1174 347 1225 Iste
359 1175 455 1231 videtur
467 1190 522 1227 osse
534 1192 620 1227 sensus
632 1179 722 1242 planus
735 1187 761 1229 et
773 1188 888 1243 opertos,
906 1186 981 1244 atque
994 1180 1084 1230 0010000
1096 1182 1209 1238 interim,
1231 1179 1308 1230 donec
1319 1179 1403 1246 figura
1414 1179 1480 1229 coeli
1492 1178 1569 1229 010-

228 1258 290 1295 cano
310 1246 435 1310 descripta
452 1248 526 1312 plane
544 1249 699 1310 innotescat,
717 1251 868 1301 retinendus.
909 1248 980 1311 Quae
1000 1266 1056 1301 curn
1075 1252 1112 1300 ite
1130 1252 1194 1311 sint,
1220 1265 1279 1316 rogo
1300 1258 1331 1301 ut
1347 1251 1373 1300 in
1391 1251 1442 1299 mei
1462 1252 1569 1315 gratiam

228 1329 320 1366 annm
341 1331 364 1367 a
387 1316 444 1369 chr.
466 1318 508 1370 39.
531 1322 671 1379 examines,
694 1325 766 1385 eujus
792 1325 818 1373 in
840 1324 986 1373 transmissa
1010 1321 1133 1373 schedula
1157 1322 1187 1371 iit
1202 1324 1311 1381 mentio,
1331 1321 1378 1373 sed
1397 1321 1511 1372 calculos
1533 1327 1569 1372 est

228 1402 351 1439 erroneus.
935 1430 940 1440 .
1551 1411 1554 1419 ·

295 1461 353 1511 Fuit
364 1467 450 1511 sutem
462 1463 539 1512 etiam
551 1463 618 1512 circa
629 1463 691 1514 illud
703 1470 800 1528 tempus
811 1465 908 1530 eclipsis
921 1462 955 1527 Q
975 1472 1001 1516 et
1016 1465 1117 1530 quidem
1128 1465 1303 1529 propemodum
1321 1464 1453 1528 integralis
1460 1462 1567 1516 Romae.

181 1552 183 1561 ι
226 1529 292 1581 Nam
305 1537 365 1582 ante
378 1534 499 1596 epocham
511 1533 603 1584 Christi
615 1536 686 1585 aunis
697 1536 830 1600 Aegyptiis
843 1534 885 1588 37.
899 1535 923 1587 6.
940 1537 962 1585 1.
976 1535 1019 1586 34‘
1032 1536 1085 1585 250
1099 1541 1155 1586 erat
1166 1550 1227 1586 sera
1239 1536 1328 1600 copule
1341 1533 1372 1596 Q
1387 1542 1415 1585 et
1426 1526 1464 1597 ).
1495 1526 1566 1596 Bt)

228 1617 244 1652 s
257 1599 288 1663 Q
301 1604 326 1653 0.
341 1596 370 1652 6⁰
382 1604 408 1653 4¹
421 1604 481 1654 220.
517 1598 689 1669 homelia)
703 1608 786 1658 media
797 1608 832 1657 2¹·
845 1602 882 1658 0⁰.
896 1608 938 1658 40.
952 1606 976 1665 6,
995 1608 1039 1658 sed
1051 1615 1160 1671 aequata
1176 1606 1210 1656 2·-
1225 1603 1263 1659 30.
1276 1601 1319 1655 57‘
1331 1605 1398 1665 360,
1415 1605 1524 1670 simplex
1536 1602 1566 1666 Q

178 1684 183 1695 ·
224 1675 259 1731 40
272 1670 321 1724 400
332 1672 377 1724 290
392 1675 455 1734 210,
472 1689 553 1728 auom.
567 1672 599 1738 Q
608 1678 692 1727 media
703 1677 738 1728 3¹·
750 1674 799 1728 440
812 1680 855 1730 04’
866 1680 931 1737 410,
951 1685 978 1727 et
990 1685 1111 1743 aequata:
1131 1677 1163 1729 3¹1
1178 1674 1228 1730 400
1246 1678 1288 1729 13¹
1299 1676 1347 1735 6'‘,
1366 1678 1494 1727 anomalis
1510 1675 1568 1726 obli·

240 1748 328 1797 mestis
339 1746 373 1796 0¹·
387 1742 418 1795 20
430 1747 473 1796 41⁴
486 1747 550 1808 300,
568 1750 707 1811 praecessio
719 1752 817 1816 aequin.
836 1765 895 1801 rora
914 1744 1123 1801 0040031160.
1152 1748 1234 1801 Veros
1250 1748 1318 1800 iocos
1335 1744 1368 1809 Q
1386 1749 1413 1799 in
1424 1746 1568 1812 Capricorni

223 1814 272 1869 220
283 1819 310 1868 8'
321 1819 365 1869 40.
394 1817 464 1868 Vera
478 1813 506 1885 ό
519 1819 615 1870 Romae
627 1827 688 1871 ante
699 1838 759 1872 mer.
773 1822 839 1874 boris
852 1823 998 1886 aequalibus
1010 1821 1035 1871 2.
1048 1821 1092 1871 28‘
1105 1819 1148 1882 6¹.¹,
1161 1823 1207 1873 sed
1219 1820 1397 1885 apparentibus
1408 1820 1434 1869 2
1448 1818 1494 1868 22’
1508 1818 1566 1869 180.

223 1891 253 1941 10
264 1892 349 1955 quinto
362 1891 461 1940 climate
472 1884 521 1940 410
533 1898 643 1955 tempore
655 1906 730 1944 verae
744 1886 774 1961 ό
787 1894 836 1945 tuit
848 1895 968 1944 (11000000
980 1906 996 1941 a
1008 1893 1100 1941 vertice
1120 1887 1162 1944 72.
1176 1892 1206 1951 9,
1225 1893 1293 1942 locus
1311 1891 1377 1956 long.
1390 1890 1431 1941 30.
1453 1890 1495 1948 11,
1509 1904 1567 1955 ergo

203 1980 205 1988 ’
271 1962 359 2011 aiiaxis
373 1955 399 2025 )
414 1961 447 2010 ad
460 1959 492 2022 Q
512 1962 577 2027 long.
591 1959 633 2014 27.
646 1964 688 2012 42.
720 1964 771 2014 Sed
787 1965 849 2015 hora
860 1964 917 2014 iii:
936 1965 979 2015 33.
991 1956 1017 2020 ’1,
1031 1971 1057 2013 et
1068 1964 1129 2012 bora
1140 1963 1200 2014 1v.:
1213 1961 1255 2013 39.
1268 1963 1318 2021 44,
1339 1976 1398 2027 ergo
1411 1975 1469 2011 vero
1489 1963 1567 2010 motui

267 2045 283 2081 a
296 2030 328 2094 Q
342 2030 422 2096 1031Ι
435 2032 487 2081 420
499 2035 571 2083 unius
584 2034 660 2086 borso
678 2034 874 2086 subtrahendum
881 2043 921 2085 est
932 2034 957 2085 δ’
971 2032 1023 2084 230
1036 2035 1099 2084 etin
1111 2034 1154 2083 22⁴
1168 2033 1218 2085 180
1237 2034 1309 2084 nnius
1321 2032 1397 2082 borae
1416 2032 1567 2082 demendum

223 2104 249 2154 2¹
262 2104 323 2162 230,
336 2107 420 2168 sicque
432 2106 510 2154 motui
520 2107 634 2170 integrae
643 2099 756 2169 borae)
770 2119 787 2155 a
800 2103 832 2169 Q
845 2106 889 2158 33‘
901 2106 954 2157 360
966 2101 1028 2156 3900
1040 2105 1104 2156 subt.
1118 2103 1144 2156 7‘
1156 2104 1224 2164 bS“‚
1242 2112 1273 2155 ut
1288 2106 1355 2154 siem
1366 2110 1448 2154 motus
1461 2097 1489 2167 )
1504 2116 1521 2152 a
1533 2100 1564 2164 Q

223 2178 296 2225 nnius
311 2176 389 2226 horse
405 2176 438 2226 sit
455 2174 499 2224 25‘
509 2175 552 2226 43.
566 2175 608 2226 39.
644 2178 710 2242 Ergo
728 2180 782 2228 risa
792 2179 890 2242 'copula
908 2178 958 2228 fnit
975 2182 1035 2227 ante
1047 2192 1080 2226 nr.
1092 2177 1159 2226 horis
1172 2176 1197 2228 3.
1211 2175 1253 2227 w.
1267 2176 1302 2234 64
1312 2175 1416 2225 Romae.
1453 2174 1487 2224 Et
1506 2182 1566 2224 tnnc

224 2247 272 2298 tuit
283 2247 405 2297 distantia
416 2249 535 2298 avertice
548 2246 589 2296 80.
603 2248 638 2306 4„
649 2248 715 2314 long.
728 2248 770 2298 38.
786 2249 826 2298 11.
840 2257 867 2299 et
878 2249 922 2299 lot.
935 2250 978 2299 45.
991 2249 1034 2297 40.
1060 2247 1125 2313 Ergo
1142 2241 1169 2311 J
1189 2262 1206 2298 a
1224 2244 1256 2308 Q
1273 2240 1339 2313 long.
1353 2245 1395 2296 36.
1409 2244 1434 2296 9.
1460 2245 1495 2296 Et
1506 2259 1565 2297 vera

225 2317 346 2368 ditantia
357 2317 532 2368 luminum36.
548 2318 595 2384 11.Ι
621 2364 622 2367 ,
754 2327 756 2331 ’
1533 2366 1538 2383 ,

293 2389 402 2454 ideoque
415 2390 513 2439 ridetm
528 2390 575 2439 rice
587 2395 750 2454 supputatum
762 2404 817 2441 esse
830 2398 928 2455 tempus
940 2393 1009 2441 risse
1024 2382 1062 2456 ό.
1088 2389 1139 2440 Sed
1150 2403 1212 2440 sera
1224 2389 1267 2440 iat
1281 2382 1308 2453 J>
1325 2394 1380 2438 tmn
1392 2386 1442 2438 tuit
1453 2386 1499 2438 46‘
1510 2388 1565 2437 440

223 2461 283 2522 bor„
296 2468 322 2510 et
333 2461 468 2525 porcilaxis
479 2463 505 2511 in
517 2467 630 2511 0000·οω
640 2461 685 2511 430
700 2463 758 2511 100.
789 2463 849 2513 Ideo
861 2462 986 2513 observati
1004 2468 1062 2512 suut
1077 2461 1149 2526 digiti
1162 2462 1202 2512 19.
1215 2462 1266 2510 51‘.
1302 2458 1397 2520 Quodsi
1409 2460 1564 2524 -qnxdrstun

224 2546 336 2584 summae
352 2536 474 2598 jungatur
491 2531 613 2597 quadrato
632 2535 700 2582 visae
715 2534 760 2584 lat
781 2534 901 2584 mmulati
920 2533 993 2584 radix
1011 2533 1136 2597 quadrata
1155 2535 1202 2584 erit
1219 2529 1264 2583 340
1282 2530 1325 2582 20.
1361 2530 1471 2596 ideoque
1484 2532 1564 2597 eoepit

223 2604 320 2668 eclipsis
334 2611 392 2654 ante
404 2619 464 2654 mer.
477 2604 501 2653 b.
515 2605 540 2654 4.
553 2603 595 2654 46.
610 2598 650 2653 17.
664 2604 785 2669 desiimus
797 2599 826 2653 is
838 2605 927 2654 eicos
939 2604 964 2654 2.
976 2597 1003 2654 'i'
1016 2602 1077 2655 310.
1327 2625 1329 2632 ·

291 2674 362 2726 Haec
373 2675 429 2726 ideo
441 2676 516 2748 latius
527 2675 690 2733 transscribo,
709 2677 767 2740 qnia
778 2690 873 2726 summe
887 2676 1067 2734 desiderarem,
1085 2680 1111 2724 te
1130 2688 1226 2739 quoque
1238 2674 1312 2736 huius
1331 2673 1453 2739 eclipseos
1468 2670 1500 2735 Q
1514 2675 1565 2725 cxi·

222 2744 305 2797 cuium
318 2746 399 2797 subire
420 2754 447 2796 et
463 2747 606 2811 explicitum
622 2746 656 2796 ad
666 2761 707 2796 me
719 2750 895 2798 transmittere.
932 2747 1048 2810 implicor
1063 2747 1129 2796 enim
1140 2746 1180 2796 sel
1198 2746 1285 2794 obruor
1301 2746 1382 2809 potius
1394 2747 1518 2811 negotia,
1537 2753 1567 2794 nt

223 2825 320 2883 tempus
333 2818 428 2868 00110οι
440 2819 500 2868 mibi
512 2819 626 2867 relictum
638 2818 671 2867 ad
682 2818 756 2881 hujus
769 2821 866 2883 generis
871 2819 970 2868 similia
981 2817 1101 2867 rideatur.
1130 2816 1245 2880 Inprimis
1261 2830 1318 2865 vero
1331 2823 1433 2881 expeto.
1452 2823 1482 2866 nt
1493 2831 1564 2882 prse-

223 2890 316 2940 diotnm
334 2903 427 2939 annum
448 2897 507 2941 ante
528 2889 585 2939 Chr.
607 2887 642 2940 39
663 2889 791 2939 discutias.
823 2891 863 2939 An
883 2905 932 2939 non
950 2896 1004 2939 tum
1022 2888 1038 2948 b
1059 2889 1182 2938 fueritin
1204 2894 1263 2945 222,
1284 2901 1339 2937 oum
1361 2884 1392 2948 Q
1407 2889 1433 2936 in
1451 2883 1486 2953 ῼ,
1500 2887 1564 2949 006

222 2963 248 3011 10
259 2962 308 3011 fine
321 2962 461 3021 cholerum,
481 2963 518 3010 ita
528 2968 558 3010 00
570 2975 627 3010 rere
640 2960 725 3018 obolas
737 2976 853 3024 perurere
865 2969 892 3011 et
904 2960 1074 3024 Scorpionem,
1093 2961 1119 3009 iu
1131 2973 1204 3024 quem
1214 2960 1319 3021 jamjam
1332 2965 1388 3007 erat
1400 2961 1565 3024 ingressmm

223 3033 356 3083 inoeudero
367 3035 433 3082 risus
446 3033 529 3082 tuerit.
564 3029 623 3090 Eti
641 3032 741 3095 quidem
758 3033 783 3081 iu
797 3039 842 3081 m
862 3033 1011 3082 constitutus
1029 3031 1070 3080 sel
1088 3030 1118 3080 ob
1137 3030 1162 3079 id
1181 3032 1261 3094 ipsum
1280 3028 1460 3094 significanter
1470 3044 1565 3080 summo

223 3104 290 3154 coelo
303 3119 348 3154 seu
359 3105 440 3154 modio
453 3103 515 3153 coeli
526 3105 681 3160 attribuitur,
701 3117 758 3153 cum
771 3103 828 3153 Sole
846 3104 872 3153 in
889 3098 914 3168 ii
934 3106 1056 3153 existente
1073 3102 1166 3166 inipso
1177 3101 1261 3151 media
1272 3107 1344 3150 nocte
1361 3102 1388 3150 in
1400 3102 1484 3152 medio
1497 3103 1566 3152 coelo

223 3177 368 3239 reperiatur.
405 3175 428 3237 ii
441 3184 525 3226 autem
537 3177 577 3225 rel
588 3182 614 3224 te
626 3176 679 3238 ipso
690 3179 757 3223 testo
770 3174 795 3222 in
808 3181 839 3232 ts
852 3175 961 3224 existens
972 3173 1070 3238 proprie
1088 3175 1114 3222 in
1133 3173 1184 3222 alto
1201 3173 1264 3229 tuit,
1285 3178 1311 3221 et
1325 3168 1357 3232 Q
1370 3174 1397 3221 in
1409 3166 1433 3236 Ω
1448 3179 1566 3224 versante

223 3247 262 3296 rei
274 3248 331 3297 inde
342 3260 441 3306 occasu,
454 3246 517 3296 Solis
529 3246 653 3304 videlicet,
665 3247 744 3309 premi
755 3245 824 3296 baud
834 3248 917 3309 inepte
930 3245 1027 3305 dicitnr,
1041 3258 1098 3293 oum
1115 3244 1211 3308 abipso
1225 3240 1257 3304 Q
1277 3243 1407 3293 occidente
1422 3244 1490 3294 inire
1499 3244 1565 3294 bori-

223 3325 320 3368 sontem
330 3318 433 3383 deprimi
445 3318 558 3368 videstur
568 3318 643 3381 paulo
655 3324 714 3366 ante
728 3312 759 3378 Q
773 3330 889 3367 occasum
901 3316 1022 3368 occidens.
1060 3315 1111 3365 Sed
1124 3330 1229 3365 examen
1240 3320 1311 3365 tunm
1327 3314 1394 3364 iliius
1406 3316 1467 3364 anni
1478 3317 1563 3381 singu·

142 3378 144 3394 ¹
221 3390 269 3439 lari
281 3404 338 3439 oum
350 3389 470 3439 desiderio
483 3389 640 3452 exspectabo.

292 3460 407 3545 lienique
420 3475 475 3544 cum
486 3460 682 3510 animadvertam
694 3465 720 3508 te
732 3458 898 3544 consimilibus
908 3471 1004 3523 quoque
1016 3458 1184 3542 nougrareri,
1197 3457 1272 3541 ubam
1284 3449 1380 3542 quoque
1393 3452 1565 3521 quaestionem

222 3531 970 3668 1301010011010111111110111010101
983 3526 1479 3665 1000000003000
1498 3543 1565 3649 ii:

223 3688 246 3725 a.
267 3674 324 3725 Chr.
344 3673 375 3724 V.
393 3675 437 3743 ¹vel
456 3676 558 3724 ineunte
577 3673 620 3723 IV.
640 3675 751 3732 circiter,
769 3673 894 3723 Venerem
912 3686 929 3722 a
946 3671 1070 3721 Mercurio
1086 3670 1189 3735 eclipsin
1207 3685 1262 3720 esse
1280 3684 1382 3734 passam
1400 3671 1475 3735 inque
1495 3672 1565 3721 coelo

221 3760 443 3849 serenovnusquam
454 3747 606 3811 apparuisse.
643 3743 883 3808 Quascumque,
902 3745 966 3792 anne
986 3749 1148 3808 etquatenus
1166 3741 1348 3792 0000000100
1367 3740 1464 3792 calculo
1481 3743 1565 3804 jovari

221 3826 363 3940 poamiisec
381 3890 473 3952 raptim
490 3895 517 3939 et
533 3887 662 3938 festinanti
679 3886 776 3936 calamo
792 3892 821 3935 ut
839 3884 1003 3936 occurrebant
1016 3883 1125 3936 scribere
1142 3882 1221 3943 solui,
1244 3868 1318 3948 plura
1335 3883 1480 3946 propediem
1492 3883 1564 3935 addi·

223 3968 295 4013 turos
307 3959 352 4012 do.
375 3957 492 4027 (Reliqua
501 3960 575 4023 hujus
588 3958 706 4024 epistolae
719 3958 836 4023 legentur
848 3955 927 4007 rol-I.
938 3972 962 4020 p.
973 3953 1027 4019 61.)

291 4118 338 4175 His
349 4119 474 4170 Herearti
491 4119 590 4169 monitis
607 4124 688 4170 motus
700 4115 824 4181 Keplerus
842 4091 942 4166 mutata
958 4114 1037 4180 priore
1053 4117 1179 4166 sententia
1196 4115 1261 4164 haec
1278 4112 1409 4165 Horwarto
1427 4115 1508 4166 refert
1526 4111 1563 4179 (in

222 4191 301 4244 literis
314 4193 338 4243 d
352 4192 375 4243 d
388 4191 431 4241 24.
441 4184 514 4250 Dec..
526 4203 632 4257 quarum
642 4191 740 4239 initium
752 4197 778 4239 et
789 4187 864 4238 iinem
875 4189 1047 4251 praemisimus
1060 4185 1114 4237 Vol.
1127 4186 1146 4235 i
1159 4202 1183 4251 p.
1196 4182 1253 4250 61):

310 4365 318 4382 .
340 4365 348 4380 .
370 4365 378 4382 .
401 4363 408 4379 .
430 4314 598 4380 Nonnullae
612 4314 704 4376 horas
727 4358 735 4374 .
758 4358 765 4373 .
789 4358 796 4373 .
819 4311 849 4373 in
863 4311 1024 4376 lectionem
1038 4311 1168 4385 Lucani,
1190 4307 1333 4374 Caesaris
1357 4315 1390 4370 00
1403 4311 1563 4395 utriusque

226 4407 381 4473 Ciceronis
404 4406 599 4488 epistolarum
618 4401 778 4465 voluminis
797 4400 929 4464 iusumsi.
973 4400 1089 4463 Videor
1108 4408 1211 4462 autem
1230 4397 1301 4460 mihi
1323 4417 1362 4460 ex
1377 4418 1414 4461 ea
1429 4401 1563 4467 lectione

222 4499 254 4561 id
269 4517 336 4560 esse
352 4503 548 4568 consecutus,
568 4502 604 4555 nt
617 4492 730 4574 reliquo
746 4491 865 4566 laboro,
886 4489 946 4552 nisi
967 4489 1094 4571 denique
1110 4489 1165 4550 abs
1180 4495 1212 4549 te
1223 4488 1341 4568 jussus,
1360 4492 1563 4570 supersedere

223 4587 346 4668 possim,
359 4594 395 4648 ut
408 4592 518 4667 postea
531 4583 693 4663 intelliges.
883 4631 889 4642 .
1048 4621 1050 4628 -
1139 4642 1145 4655 ,

309 4676 442 4739 Primum
461 4675 563 4755 itaque
586 4671 746 4753 displicere
765 4668 821 4731 tibi
846 4667 911 4738 viro
940 4665 1114 4730 doctissimo
1137 4662 1349 4727 enodationem
1372 4673 1405 4729 et
1428 4687 1562 4754 respon.

223 4784 290 4832 sum
316 4765 447 4847 gaudeo:
477 4783 547 4826 nam
569 4761 658 4825 lectis
682 4757 884 4842 superioribus
907 4756 993 4820 libris
1016 4756 1081 4837 ipee
1106 4773 1222 4837 quoque
1246 4753 1312 4835 jam
1336 4756 1426 4820 aliter
1449 4763 1562 4825 sentio
