3150 5482
218 221 282 283 594
675 210 867 263 Sermonem
885 203 1067 257 Archimedem

292 388 354 457 'sa
372 392 407 458 in
429 388 663 546 mmmm
676 382 878 470 sphaeroides
904 381 1034 464 longum
1057 374 1140 455 GEI,
1165 370 1420 531 cg'jrssnrerticcs
1441 369 1473 449 c,
1490 370 1514 447 ις
1566 301 1572 451 1

219 1522 253 1588 in
270 1520 337 1587 sch.
350 1524 402 1585 20.
415 1518 516 1584 latum
529 1517 620 1596 Aca,
639 1514 808 1580 verticibus
822 1516 858 1594 A,
875 1515 954 1598 aet
968 1516 1011 1581 sit
1024 1515 1109 1583 illiu's
1124 1519 1192 1584 axis
1208 1519 1263 1599 cl,
1280 1517 1428 1601 aequalis
1440 1517 1520 1601 hrjns

221 1610 377 1676 diametro
390 1607 440 1686 CI,
456 1608 542 1674 illius
556 1625 631 1669 vero
651 1605 804 1670 diameter
816 1605 882 1683 ΑΕ,
900 1604 1042 1687 aequalis
1057 1608 1109 1680 axi
1120 1607 1217 1694 hujus
1229 1607 1306 1671 AE:
1326 1608 1402 1672 dico
1413 1607 1520 1689 ellipsin

220 1700 347 1781 longam
362 1718 419 1762 seu
430 1717 522 1762 orum
534 1714 603 1759 esse
625 1694 668 1758 ad
681 1693 782 1758 latam
796 1714 853 1759 seu
867 1694 992 1773 lentem
1008 1701 1045 1758 ιιι
1056 1695 1112 1760 ΑΕ
1123 1696 1252 1762 brevior
1268 1696 1430 1762 diameter
1444 1693 1521 1760 sdssl

221 1787 405 1871 longiorem.
451 1783 678 1849 Descnbantur
700 1781 783 1846 enim
805 1783 884 1861 coni,
908 1782 941 1847 in
964 1783 1090 1849 dimidio
1110 1804 1172 1849 =ovo
1193 1787 1289 1864 ACE,
1314 1789 1410 1869 an'us
1429 1790 1521 1849 vertex

222 1876 258 1956 C,
279 1875 366 1944 basis
387 1876 444 1941 ΑΕ
466 1872 610 1951 circulus,
632 1871 666 1935 in
687 1870 815 1938 dimidia
836 1892 909 1936 vero
931 1871 1017 1936 lente
1039 1873 1116 1951 cel,
1141 1877 1230 1959 quns
1254 1881 1371 1939 vertex
1394 1875 1430 1952 A,
1452 1872 1521 1938 basis

223 1965 263 2031 01
286 1963 442 2044 circulus;
465 1982 523 2046 per
544 1960 751 2043 praemissam
772 1961 879 2044 igitur,
901 1964 938 2025 ut
951 1959 1009 2024 AR
1031 1961 1267 2027 semidiameter
1291 1962 1405 2027 circuli
1419 1962 1471 2028 EA
1488 1959 1522 2025 sd

221 2053 277 2120 RG
306 2051 572 2131 semidiametrum
602 2048 713 2114 circuli
743 2048 799 2128 01,
830 2049 875 2120 sic
905 2069 1001 2113 conus
1029 2050 1110 2116 ACE
1139 2051 1182 2115 ad
1204 2072 1322 2117 conum
1350 2050 1432 2116 lac.
1471 2048 1522 2113 Sed

222 2141 387 2212 dimidium
409 2137 614 2223 sphaeroides
636 2156 763 2220 semper
784 2142 833 2202 est
853 2137 987 2221 duplum
1002 2139 1074 2204 coni
1088 2139 1148 2204 sibi
1168 2140 1317 2224 inscripti
1340 2139 1386 2204 ad
1408 2139 1522 2206 eundem

222 2250 316 2316 axem
337 2235 370 2293 et
391 2241 488 2310 snper
510 2225 622 2293 eedem
642 2225 712 2291 basi
733 2224 891 2290 circulari.
935 2225 1020 2309 Ergo
1039 2228 1134 2292 etiam
1156 2227 1388 2311 sphaeroidum
1411 2226 1521 2293 dimidia

222 2324 256 2384 et
273 2313 322 2384 'sic
343 2315 550 2402 sphaeroidea
570 2319 641 2380 tota
662 2315 789 2380 suntin
811 2313 1017 2398 proportione
1039 2321 1077 2380 ιιι
1098 2316 1155 2384 AR
1177 2318 1220 2383 ad
1241 2318 1316 2400 Rc,
1347 2317 1411 2384 hoc
1432 2324 1476 2383 est
1493 2321 1523 2379 ιιι

224 2428 335 2474 eorum
355 2405 454 2489 duple
475 2403 531 2471 An
551 2402 594 2469 ad
616 2401 667 2470 01.
823 2432 826 2437 ⁴

731 2486 1022 2578 neeroma'xxv.

224 2627 423 2712 Seqmcntum
444 2609 529 2710 ploti
551 2626 594 2692 ad
610 2624 747 2704 citriam,
770 2626 876 2691 eodem
890 2633 1044 2709 sepmcato
1057 2628 1169 2694 circuli
1184 2599 1393 2711 descriptum,
1416 2630 1525 2696 cidetar

225 2739 294 2784 cam
315 2718 426 2783 lutee
444 2717 691 2798 properarem,
720 2735 813 2796 qaam
839 2715 930 2780 babet
956 2716 1186 2782 sernidlometer
1208 2719 1299 2783 basis
1320 2721 1472 2803 scpraarti
1491 2715 1524 2781 cd

592 2823 684 2869 esen
704 2824 760 2868 seu
783 2803 982 2868 altitudinem
1003 2807 1173 2888 sequenti.

313 2907 621 2986 Demenstrationem
642 2918 814 3004 legitimam
828 2927 986 3002 quaerant
1009 2921 1075 2986 alii.
1108 2923 1189 3007 Ego,
1213 2923 1303 3004 quod
1325 2922 1393 2991 noir
1413 2941 1526 3007 possum

225 3010 412 3096 apodictico,
436 3008 645 3094 comprobabo
661 3009 783 3088 dictice,
806 3014 943 3091 quatuor
959 3031 1037 3075 usus
1051 3010 1255 3076 documentis.
1302 3014 1469 3077 Primum
1486 3017 1526 3074 est

228 3099 270 3166 ab
291 3098 449 3182 analogia.
495 3098 587 3178 Quod
609 3100 693 3163 enim
713 3099 747 3162 in
769 3095 898 3161 dimidio
920 3097 1024 3180 globo,
1046 3099 1181 3164 velutin
1203 3101 1346 3165 maximo
1370 3107 1525 3184 segmento,

228 3190 321 3272 quod*
336 3193 384 3254 est
409 3187 608 3271 principium,
622 3192 868 3268 segmentorum,
890 3206 999 3250 verum
1020 3193 1081 3267 est,
1105 3195 1142 3252 ut
1164 3188 1251 3253 etin
1267 3188 1526 3272 dimidionphae

228 3277 328 3357 roide,
352 3275 439 3360 quod
460 3277 536 3340 item
557 3276 591 3340 in
611 3274 741 3340 minimo
763 3279 925 3355 segmento
948 3281 981 3340 et
1002 3274 1101 3341 veluti
1123 3276 1157 3340 in
1179 3276 1296 3343 ultimo
1308 3273 1451 3343 omnium
1471 3296 1525 3358 seg·

228 3371 410 3430 mentorum
437 3366 588 3443 termino,
619 3362 652 3427 id
682 3363 823 3441 videtur
837 3360 932 3427 etiam
960 3363 992 3429 iu
1021 3367 1187 3448 segmentis
1215 3366 1419 3433 intermediis
1439 3367 1527 3431 locun

228 3452 356 3519 habere.
406 3452 448 3516 At
474 3452 507 3517 in
529 3450 657 3531 dimidio
682 3451 776 3534 globo
803 3469 855 3515 res
887 3449 934 3516 ita
955 3451 1065 3520 habet:
1095 3455 1370 3536 quemadmodum
1393 3458 1473 3521 enim
1490 3455 1528 3519 la·

229 3549 302 3608 tera
331 3541 415 3606 circa
444 3547 567 3605 rectum
596 3541 750 3624 angulum
779 3536 967 3622 quadrantis
993 3540 1114 3608 habent
1139 3543 1222 3608 inter
1244 3564 1282 3608 se
1305 3545 1529 3629 proportiones

229 3630 448 3713 aequalitatis,
480 3630 525 3694 sic
551 3630 654 3710 etiam,
678 3629 764 3713 quod
794 3630 918 3694 creatur
947 3630 1127 3712 quadrante
1159 3632 1244 3704 circa
1278 3633 1530 3717 perpendiculum

230 3720 349 3798 voluto,
373 3718 509 3802 aequale
530 3724 578 3784 est
600 3719 638 3799 ei,
660 3719 746 3802 quod
769 3723 906 3798 creatur,
930 3719 1042 3791 eodem
1063 3719 1242 3802 quadrante
1266 3721 1356 3786 circa
1378 3721 1467 3787 basin
1485 3743 1528 3785 ro

231 3807 308 3898 luto.
352 3807 390 3873 In
411 3807 547 3872 minimis
569 3808 817 3887 verosimiliter
837 3804 944 3871 locum
965 3802 1062 3873 habet
1082 3809 1145 3873 ista
1164 3809 1340 3891 proportio,
1368 3810 1454 3894 quia,
1476 3829 1529 3893 qno

230 3896 336 3961 minus
353 3894 443 3979 globi
464 3901 656 3978 segmentum
666 3889 709 3962 ‘et
730 3897 853 3963 citrium
874 3893 909 3959 in
931 3915 984 3977 eo,
1011 3895 1072 3967 hoc
1093 3898 1198 3969 minus
1221 3895 1263 3960 cb
1286 3897 1377 3963 hisce
1399 3899 1529 3964 differmt

169 3992 173 3998 '
232 3986 311 4063 coni,
335 3984 444 4068 figuris
465 3985 541 4068 ipsis
555 3984 706 4068 inscripti,
735 4003 886 4052 cenorum
897 4003 970 4048 vero
986 3985 1128 4065 istorum,
1144 3991 1181 4051 ιιι
1193 3984 1414 4053 habettheor.
1428 3983 1529 4064 XXIII,

231 4077 280 4140 est
301 4072 387 4139 dicta
414 4073 592 4158 proportio,
620 4093 720 4156 quare
756 4077 789 4136 et
822 4071 1134 4156 circumscriptorum
1159 4074 1346 4140 solidorum.
1400 4077 1466 4142 Etsi
1489 4075 1528 4139 h·

232 4168 313 4242 teor,
336 4161 435 4242 abeo,
459 4162 545 4245 quod
566 4166 615 4227 est
636 4161 778 4228 absolute
792 4160 964 4243 minimum,
987 4161 1083 4243 adid,
1106 4162 1193 4247 quod
1206 4164 1339 4230 minimo
1351 4166 1526 4250 proximan

233 4271 296 4316 non
320 4249 438 4333 ubique
460 4255 563 4315 tutam
586 4270 653 4315 esse
675 4250 898 4316 collectionem.

321 4337 507 4405 Secundo:
545 4339 712 4422 Propertio
743 4339 828 4403 dicta
857 4338 961 4403 locum
987 4337 1084 4404 habet
1114 4340 1148 4404 in
1178 4339 1374 4424 sphaeroide
1404 4340 1524 4415 dimidio,

233 4426 357 4493 etiamsi
381 4427 424 4493 ibi
450 4449 513 4492 non
539 4434 651 4509 regnet
681 4427 885 4512 aequalitatis
917 4428 1080 4511 proportio
1109 4428 1195 4494 inter
1226 4430 1414 4510 diametros,
1443 4427 1525 4494 utin

233 4515 336 4599 globo,
360 4520 402 4580 ut
418 4511 548 4600 quidem
568 4516 601 4579 in
616 4508 751 4600 infinitis
772 4512 1013 4597 sphaeroidibus
1035 4522 1068 4581 et
1089 4516 1219 4583 infinitis
1239 4519 1466 4586 diametrorum
1478 4536 1524 4601 per

233 4604 289 4673 illa
310 4602 588 4690 proportionibus:
610 4609 646 4667 ut
668 4599 715 4669 es't
736 4604 769 4669 in
789 4603 889 4671 theor.
912 4607 1119 4671 antecedenti.
1161 4608 1205 4672 At
1227 4609 1313 4673 sicut
1341 4605 1522 4693 sphaeroides

234 4691 363 4777 longum
387 4693 569 4761 inscribitur
596 4691 773 4775 sphaeroidi
797 4691 878 4773 leto,
905 4693 952 4757 sic
978 4695 1075 4761 etiam
1102 4695 1231 4761 citrium
1253 4703 1360 4763 totum
1382 4699 1519 4781 segmento
