3112 5474
464 256 612 324 capram
643 255 760 326 Magtab
773 212 885 321 opum.

367 620 371 629 .
432 564 434 567 ¹
556 543 676 680 Caput
701 577 793 661 XII.

54 704 135 837 Quae
154 759 196 821 de
216 757 353 823 ademta
364 722 537 840 Magassa
556 763 586 820 et
605 756 644 819 de
663 756 868 840 istimatice‘dio
882 757 985 831 trudit
997 755 1203 841 Euangelioto
1216 762 1306 835 Mat-

70 848 252 931 How,
265 845 362 929 plaste
377 866 514 914 cossaoao
528 866 594 910 eece
608 847 660 920 iia,
669 867 756 928 quoe
770 846 929 939 Joeepbue
944 846 1064 930 aliique
1077 848 1222 918 historici

193 937 391 1000 Romani
405 937 492 1000 οἰιοο
505 935 632 1001 isitium
646 956 722 1001 oum
717 926 867 1000 Julichi
878 931 931 999 41.
945 939 1094 1020 resecat

56 1177 58 1185 ,
85 1114 157 1177 Etsi
173 1131 284 1176 nouum
300 1119 333 1177 et
347 1133 367 1177 a
381 1071 475 1194 priori
491 1078 667 1194 separatum
682 1121 893 1195 argumentum
907 1133 947 1177 ex
961 1113 1021 1178 hac
1036 1114 1132 1178 tertia
1147 1115 1348 1181 circumstan-

26 1203 232 1267 isuativitatis
241 1202 359 1267 Christi
369 1223 429 1267 nou
443 1204 589 1280 nascitur,
604 1204 798 1267 confirmatur
813 1211 915 1266 tumen
931 1223 969 1265 ea
983 1204 1112 1285 proximi
1128 1205 1239 1287 eapitis
1255 1226 1348 1288 argu·
1386 1214 1388 1218 ’

26 1300 132 1358 lentum
147 1299 181 1355 et
196 1312 293 1358 annus
308 1293 448 1356 Julianus
464 1294 526 1368 40,
541 1301 574 1357 et
588 1301 692 1356 uotum
708 1301 765 1368 est,
781 1300 853 1356 tuno
869 1294 990 1375 plenam
1006 1293 1194 1357 documentis
1210 1296 1348 1367 adhiberi

26 1381 99 1456 lem,
115 1400 184 1447 cum
198 1382 299 1445 omnia
313 1382 451 1452 omnibus
466 1382 668 1446 consentiunt
711 1382 859 1445 Miramur
881 1383 960 1449 enlm
982 1402 1042 1445 uou
1062 1384 1127 1446 sine
1151 1404 1259 1462 causa,
1284 1386 1343 1449 Jo-

26 1472 125 1552 rphum
145 1489 247 1537 rerum
267 1470 399 1534 Herodis
423 1472 606 1552 scriptorem
624 1471 725 1534 studio
747 1471 955 1534 Herodiadum
974 1491 1116 1547 vacuum,
1141 1473 1226 1556 quod
1243 1475 1344 1539 verbis

26 1560 147 1640 ctisque
164 1567 312 1623 testatum
329 1560 416 1635 fecit,
432 1560 546 1623 nullam
556 1561 694 1642 penitus
697 1560 880 1630 mentionem
896 1560 996 1622 facere
1012 1561 1208 1636 infanticidii,
1230 1562 1347 1627 nullam

26 1650 146 1712 loeutus
161 1667 327 1729 magomm.
355 1650 464 1712 Tanto
471 1651 590 1730 gratius
605 1650 692 1714 nobis
708 1649 845 1718 accidere
862 1649 1005 1724 debetur
1021 1650 1182 1715 doceamur
1198 1652 1347 1734 exipsius

26 1737 122 1818 »sephi
138 1745 226 1800 textu
242 1738 279 1799 de
295 1738 397 1809 causis
412 1739 624 1803 verisimilibus
640 1739 744 1839 caedis
759 1737 985 1802 crudelissimae
1001 1739 1234 1824 conturbatique
1244 1742 1346 1805 Hero-
1467 1745 1468 1751 ’

25 1848 40 1889 s
55 1836 89 1890 et
105 1826 391 1909 Hierosolymorum.
1363 1890 1368 1906 ,

81 1916 211 1979 Dictum
225 1936 327 1998 supra,
343 1937 401 1999 quo
417 1924 554 1999 tempore
570 1924 639 1981 tota
654 1916 923 1998 geusJudaeorum
939 1915 1068 1984 durante
1084 1936 1125 1980 sc.
1142 1916 1345 1997 descriptione
1427 1980 1429 1983 ,

26 2023 156 2069 ιιιοιιιοιι
172 2004 316 2071 Oscensis
330 2013 364 2069 et
378 2006 510 2070 Herodis
525 2006 607 2087 regis
616 2006 814 2087 jurejurando
831 2006 934 2069 adacti
950 2014 1111 2082 sunt,'sex
1129 2006 1224 2069 millia
1239 2006 1345 2086 phari-

26 2113 134 2157 eorum
148 2113 309 2159 recusasse
318 2095 533 2199 juramentum,
549 2115 644 2179 eaque
660 2096 697 2160 de
714 2116 807 2160 causa
821 2095 961 2159 Herodes
976 2095 1050 2176 ipsis
1065 2095 1209 2159 mulctam
1224 2096 1344 2176 irroga-

26 2183 275 2265 tpecuniariam,
296 2204 385 2265 quam
407 2204 462 2266 pro
483 2184 521 2248 iis
543 2185 676 2248 exsolvit
693 2204 770 2248 uxor
791 2180 945 2248 Pherorae
967 2185 1072 2247 fratris
1096 2184 1241 2248 Herodis:
1267 2203 1344 2266 quae

26 2274 225 2337 mrisaeorum
240 2273 434 2339 contumacia
451 2274 516 2337 fieri
531 2294 591 2338 non
606 2281 710 2355 potest
725 2273 797 2356 quin
812 2274 965 2343 Herodem
984 2274 1152 2376 reddiderit
1173 2273 1345 2350 sollicitum,

26 2363 122 2445 quid
134 2382 205 2426 nova
197 2363 362 2427 moliatur
376 2364 462 2427 natio
476 2363 615 2430 Judaiea
1237 2391 1239 2400 ·

80 2451 190 2530 Pergit
203 2453 371 2556 losephus,
399 2452 579 2533 pharisaeos
594 2459 728 2516 mutuum
744 2451 919 2554 rependisse
940 2460 1088 2534 patronae
1105 2470 1194 2526 suae,
1217 2449 1341 2533 praedi-

26 2549 100 2605 ntes
123 2543 175 2615 (ut
196 2541 246 2624 qui
268 2542 469 2605 credebantur
491 2541 660 2608 divinitatis
677 2541 855 2605 commercio
858 2533 972 2604 futura
987 2536 1080 2622 scire)
1105 2541 1259 2605 decretum
1276 2560 1344 2604 csse

26 2649 77 2706 eo,
99 2648 226 2711 regnum
246 2631 382 2694 ablutmu
397 2630 435 2694 ab
451 2631 572 2694 Herode
588 2629 711 2713 ejusque
726 2629 871 2711 progenie
887 2630 1101 2693 transferrem
1116 2629 1214 2711 ipsam
1230 2636 1263 2693 et
1276 2649 1343 2693 ma-

26 2729 84 2783 tum
100 2719 268 2783 Pheroram
283 2739 319 2783 ac
329 2739 507 2785 communes
522 2720 649 2795 liberos,
670 2721 808 2800 Bagoam
831 2719 997 2782 eunuchum
1016 2727 1176 2800 parentem
1196 2726 1229 2782 et
1248 2719 1343 2785 benc-

26 2818 143 2873 ctorem
165 2810 297 2871 futurum
317 2809 418 2889 regis,
437 2827 524 2890 quem
547 2809 738 2872 destinarent
758 2807 920 2883 vaticinia;
951 2827 1096 2889 prospere
1117 2826 1241 2872 cessura
1263 2826 1342 2870 novo

25 2897 58 2980 gi
73 2897 176 2961 omnia
191 2898 519 2979 constabiliendumque
528 2898 653 2998 nuptiis
669 2907 701 2959 et
711 2896 912 2978 generatione
933 2897 1027 2978 prolis
1047 2896 1209 2978 legitimae.
1254 2896 1343 2960 Unde

25 2995 89 3051 stas
105 2988 292 3062 factumst
312 3007 354 3050 eo
363 2987 430 3068 ipso
445 2979 580 3068 tcmpbre
596 2987 731 3068 proxime
747 2994 819 3068 post
834 2977 1068 3068 descriptionem
1081 2987 1218 3050 Judaeae
1234 2985 1340 3068 phari-

26 3077 60 3139 ei
81 3076 229 3139 vabcinia
250 3076 312 3139 ista
334 3083 506 3140 tractarent
528 3084 561 3139 et
581 3095 636 3157 pro
659 3075 755 3138 lubitu
773 3095 827 3137 suo
849 3075 1146 3157 interpretarentur?
1191 3075 1345 3157 Numquid

26 3187 42 3229 s
63 3165 133 3246 ipsa
148 3165 353 3228 testimouium
367 3165 509 3246 perhibet
522 3165 678 3229 Matthaei
699 3165 888 3228 narrationi?
931 3166 1040 3228 Nonne
1063 3165 1150 3228 audis
1172 3183 1279 3245 magos
1302 3165 1341 3226 ab

25 3255 121 3330 iente,
136 3261 334 3336 quaerentes,
348 3255 399 3316 ubi
414 3261 504 3317 natus
520 3255 562 3317 sit
576 3273 631 3316 rex
645 3253 852 3317 ludaeorum?
881 3255 990 3317 Nonne
1004 3254 1159 3323 Herodem
1175 3253 1338 3321 sciscitan-

26 3364 56 3407 m
71 3366 91 3406 a
104 3343 284 3424 pharisaeis,
299 3343 349 3407 ubi
366 3342 507 3408 Christus
522 3334 719 3406 nasceretur?
749 3343 806 3406 His
823 3343 902 3418 enim
916 3343 1134 3418 occasionibus,
1149 3334 1197 3406 his
1207 3343 1339 3410 Herodis

26 3432 147 3496 audatis
161 3432 316 3513 pharisaei
331 3433 370 3496 ad
385 3433 601 3535 prophetarum
616 3432 710 3495 libros
725 3432 857 3507 remissi,
871 3432 1017 3495 vaticinia
1033 3433 1071 3497 de
1086 3433 1193 3516 quibus
1209 3451 1339 3513 quaere-

26 3531 83 3586 rtur
106 3521 230 3602 prolata
254 3523 294 3585 ad
317 3522 461 3603 placitum
485 3522 588 3584 uxoris
612 3520 767 3584 Pherorae
789 3521 921 3585 secretis
950 3522 1107 3603 colloquiis
1136 3522 1339 3585 detorserunt.

26 3631 70 3674 um
84 3610 180 3695 igitur
194 3611 271 3674 haec
286 3611 496 3674 vaticiniorum
515 3610 730 3693 interpretatio
752 3609 927 3691 pharisaica
940 3611 1056 3674 Herodi
1075 3630 1129 3693 per
1148 3609 1275 3673 idoneos
1290 3610 1340 3673 in-

26 3701 148 3764 duisset
163 3707 196 3761 et
211 3699 288 3781 quod
304 3700 427 3781 insuper
442 3700 595 3782 pharisaei
611 3702 757 3781 quosdam
773 3719 811 3764 ex
821 3698 927 3762 aulicis
936 3700 1108 3764 muneribus
1119 3698 1340 3780 corrupissent:

26 3790 131 3856 erodes
146 3789 375 3869 pharisaeorum
389 3789 506 3871 aliquos
521 3788 552 3851 in
568 3789 658 3869 culpa
672 3789 877 3870 deprehensos
894 3808 1018 3870 cumque
1033 3789 1229 3869 hisBagoam
1244 3808 1342 3859 eunu-⁴

26 3898 80 3942 um
94 3886 130 3956 et
140 3876 251 3941 Garum
267 3878 391 3942 delicias
406 3898 478 3941 suas
493 3896 656 3960 omnesque
672 3879 758 3953 adeo,
774 3883 922 3960 quotquot
943 3878 983 3940 ad
1004 3878 1146 3941 indicium
1160 3876 1341 3957 pharisaeo·
1362 3898 1364 3907 ’

26 3988 58 4032 m
82 3967 316 4047 conspirationis
338 3966 427 4047 hujus
449 3966 565 4030 inuenti
585 3967 707 4030 fuerunt
728 3967 772 4029 rei
795 3986 811 4028 e
834 3966 1025 4043 domesticis,
1051 3966 1214 4030 interiecit
1260 3963 1342 4039 Quid

26 4065 83 4120 itas
98 4056 198 4137 magis
212 4057 380 4138 peregrinis
396 4056 527 4125 futurum
543 4055 651 4130 fuisse,
673 4056 723 4137 qui
745 4056 838 4118 nihilo
861 4055 998 4158 gratiora
1013 4056 1220 4138 protulerant,
1245 4075 1340 4140 quae-

26 4154 95 4210 utes
111 4146 149 4208 de
164 4164 246 4229 rege
250 4145 436 4209 ludaeorum
451 4164 558 4209 recens
572 4146 663 4221 nato,
688 4164 756 4208 cum
770 4144 939 4208 Herodes
931 4165 997 4226 ipse
1017 4164 1072 4209 rex
1091 4152 1175 4208 esset
1189 4145 1341 4227 filiumque

26 4236 190 4316 utipatrum
205 4255 271 4301 cum
285 4235 389 4298 liberis
404 4253 611 4298 successorem
627 4234 844 4299 destinasset?
866 4235 975 4298 Nonne
991 4236 1178 4316 suspicatum
1186 4234 1341 4308 Herodem

26 4324 137 4388 edibile
150 4332 208 4400 est,
229 4343 335 4405 magos
356 4325 414 4394 hos
433 4345 453 4386 a
465 4319 637 4406 pharisaeis
653 4323 818 4387 conductos
835 4334 889 4386 aut
904 4345 923 4385 a
939 4323 1172 4406 conspirationis
1188 4323 1340 4405 capitibus
1423 4403 1425 4410 Α

26 4413 159 4477 cessitas
183 4433 221 4476 ex
245 4414 377 4486 oriente,
408 4412 458 4495 qui
481 4412 659 4494 pharisaeos
687 4414 726 4475 ad
749 4412 949 4477 defectionem
975 4435 994 4476 a
1017 4433 1090 4495 rege
1115 4412 1344 4477 sollicitarent?

26 4522 98 4566 ouue
115 4503 211 4578 vides,
225 4504 437 4566 maturandum
451 4502 526 4584 ipsis
543 4502 658 4567 abitum
673 4521 689 4564 e
703 4501 839 4578 Judaea,
853 4502 1068 4566 consulendum
1083 4501 1157 4578 sibi,
1173 4503 1342 4567 cavendnm
1455 4535 1459 4557 ι
1476 4558 1481 4568 .

26 4592 143 4655 ὀιοιΙιιιι
159 4591 275 4655 fuisse?
321 4589 380 4665 Qui
396 4610 463 4654 cum
478 4611 540 4654 non
555 4591 716 4667 redissent,
731 4592 871 4656 Herodes
887 4610 958 4654 vero
969 4592 1036 4673 jam
1052 4599 1145 4655 antea
1161 4592 1197 4654 de
1215 4591 1338 4673 conspi-

26 4681 108 4745 ationa
123 4681 359 4744 domesticorum
375 4680 535 4744 rescisset:
557 4699 656 4744 nonne
673 4679 875 4745 coincidentia
894 4680 926 4744 iu
939 4701 1032 4746 unum
1046 4689 1096 4746 tot
1110 4681 1222 4747 indicia
1236 4683 1339 4745 Ηιιο-Δ

26 4785 63 4832 cm
74 4775 251 4860 permovere
266 4776 439 4854 potuemnt,
453 4776 488 4833 ut
503 4769 541 4834 de
556 4788 656 4835 rerum
670 4787 790 4834 summa
800 4778 967 4851 metueret,
981 4772 1112 4838 maxime
1127 4791 1185 4859 quo
1200 4779 1338 4855 tempore
