3112 5474
176 226 246 316 344ἶ
583 234 618 332 ‘¹
677 254 1064 326 rememoraturum

87 484 89 487 v
175 412 283 476 occisis
304 411 367 475 suis
382 431 427 474 ex
446 409 615 473 Mariamne
637 409 707 472 tiliis
728 428 809 473 anuo
829 409 958 473 lutee
979 415 1015 472 ut
1030 408 1269 491 supradictum,
1291 417 1392 474 totam
1409 402 1556 492 regim

176 501 395 583 suspicionibus
411 507 444 563 et
456 499 560 580 prauis
577 498 687 561 studiis
702 517 821 582 unaque
835 499 961 562 horrere
977 505 1009 562 et
1023 506 1107 561 metu
1121 499 1295 580 promiscuo
1311 501 1482 583 impleverat

263 589 407 653 Vicissim
419 607 486 651 cum
501 587 603 668 legis
595 607 625 649 ru
635 588 806 666 Matthaeo,
823 588 982 663 Herodem,
998 607 1065 651 cnm
1080 588 1219 652 audisset
1233 609 1345 670 magos
1356 598 1499 671 supernato

173 699 245 761 rege
262 686 458 761 quaerentes,
473 677 630 739 turbatum
646 695 714 738 esse
731 685 763 738 et
777 677 949 741 universam
963 678 1208 757 Hierosolymam
1223 696 1293 741 cum
1309 697 1358 755 ec,
1372 679 1501 760 cogitade

174 769 274 833 causis
289 766 471 831 turbationis
487 766 575 846 hujus
591 772 624 828 et
639 784 677 827 er
691 765 730 827 iis
746 773 956 848 argumentum
970 774 1042 829 tera
1058 767 1096 829 de
1109 774 1277 848 tempores
1288 787 1348 849 per
1363 771 1503 831 connexio

72 899 76 909 ι
173 878 241 922 uem
255 857 347 937 hqjus
360 863 488 918 eventus
504 874 570 918 cum
586 854 716 917 historia
730 854 879 919 Romana.
922 856 1014 918 Anne
1029 863 1135 918 tantus
1150 875 1222 932 rex,
1237 864 1306 920 tam
1321 865 1411 920 vetus
1428 858 1503 940 impe-

173 948 275 1021 randi,
297 947 337 1009 ad
359 949 516 1026 magorum
534 945 654 1007 unicam
670 945 879 1026 quaestionem
895 945 932 1007 de
948 963 1020 1025 rege
1035 946 1220 1009 Judaeorum
1236 954 1314 1010 nato
1332 948 1506 1010 conturbetur

172 1046 204 1099 et
220 1035 315 1097 omnis
332 1035 455 1116 insuper
469 1034 662 1115 ‚ierosolyma
677 1053 744 1096 cum
760 1053 812 1109 eo,
834 1033 925 1096 nullis
945 1034 1016 1096 aliis
1032 1034 1271 1118 circumstantiis
1286 1037 1505 1100 accedentibus!

172 1127 281 1189 Nonne
304 1143 354 1187 res
370 1123 438 1204 ipsa
455 1123 584 1197 clamat,
604 1124 684 1186 hunc
709 1123 803 1185 fnisse
827 1123 1013 1204 scrupulum,
1036 1124 1085 1206 qui
1100 1125 1255 1187 Herodem
1276 1126 1425 1207 urgebat,
1445 1126 1507 1207 qnod

170 1212 325 1297 pharisaei
340 1220 560 1275 recusaverant
570 1212 792 1292 jurameutum3
816 1212 894 1293 quod
917 1219 1017 1275 metue
1033 1220 1132 1288 esset,
1154 1233 1192 1276 ue
1208 1221 1260 1276 tot
1274 1232 1418 1290 numero,
1436 1223 1507 1278 unta
1553 1295 1554 1306 ἵ

172 1303 358 1366 auctoritate
374 1301 511 1387 homines
534 1309 656 1382 gentem
671 1300 856 1364 Judaeorum
871 1301 936 1381 regi
951 1302 1152 1376 Parthorum,
1176 1303 1259 1366 hosti
1285 1312 1363 1367 tnnc
1382 1305 1506 1386 temporis

171 1392 276 1474 populi
290 1391 422 1454 Romani
439 1398 588 1471 occupata
602 1390 771 1465 Armenia,
787 1399 823 1452 ut
845 1410 936 1471 snpra
951 1391 990 1453 ad
1006 1410 1118 1454 aunum
1132 1392 1183 1454 40.
1200 1400 1401 1468 annotatum,
1422 1396 1506 1456 cond·
1555 1468 1556 1471 Ἴ

171 1481 283 1545 liarent
299 1481 395 1562 adque
413 1479 613 1543 deiectionem
629 1500 648 1541 a
662 1478 810 1554 Romanis
827 1480 1057 1543 sollicitarent
1074 1494 1140 1543 curn
1149 1481 1313 1563 Babylone
1330 1484 1387 1546 sub
1402 1484 1506 1564 imperio

170 1570 316 1634 Parthico
331 1566 445 1631 multae
461 1564 613 1650 myriades
628 1568 813 1630 Judaeorum
828 1569 1020 1644 babitarent,
1036 1588 1103 1632 cum
1117 1570 1203 1646 inde,
1219 1590 1263 1634 sc.
1279 1591 1320 1635 ex
1336 1573 1450 1635 oriente
1462 1573 1506 1633 ad·

170 1660 328 1722 venissent
342 1658 424 1740 magi
450 1659 487 1719 de
509 1675 581 1738 rege
596 1657 782 1721 Judaeorum
804 1665 1005 1740 quaerentes,
1023 1658 1162 1769 Herodes
1182 1680 1257 1723 vero
1279 1680 1338 1724 rex
1360 1663 1508 1725 amicant
1554 1738 1556 1749 ,

172 1750 267 1812 cliens
284 1755 369 1811 esset
383 1747 486 1828 populi
501 1746 640 1815 Romani.
711 1778 721 1791 =
1266 1778 1275 1789 κ
1555 1759 1556 1762 ’

258 1838 315 1900 Ηὶι
331 1835 490 1918 perpensis
507 1835 743 1899 circumstantiis
759 1835 863 1898 desine
878 1856 969 1917 porro
990 1837 1108 1912 mirari,
1129 1839 1284 1902 Herodem
1307 1841 1369 1903 boc
1390 1848 1508 1922 tempora
1554 1836 1555 1845 ’

171 1945 275 1990 omues
292 1926 329 1988 de
345 1945 417 2006 rege
433 1943 540 1987 recens
556 1931 630 1986 nato
646 1942 798 2000 rumores,
819 1943 923 1987 omues
940 1923 1016 1988 adeo
1033 1946 1171 1990 susurros
1187 1937 1354 2010 suspectos
1369 1931 1505 1993 habuisse:
1551 1921 1554 1937 ¹

172 2024 204 2080 et
220 2035 286 2078 cnm
303 2015 390 2077 andis
406 2019 581 2076 narrantem
595 2013 776 2097 Josephum,
792 2016 940 2094 quomodo
956 2015 1095 2101 Herodes
1111 2017 1351 2098 conspirationis
1365 2020 1425 2082 reis
1438 2038 1505 2081 con-
1551 2033 1554 2054 ÷

169 2105 266 2188 p'ertis
291 2123 350 2166 non
372 2103 479 2184 paucis
502 2122 625 2169 numero
648 2103 761 2166 mortis·
778 2103 956 2184 supplicium
985 2106 1181 2185 irrogaverit,
1211 2108 1286 2170 nihil
1309 2108 1432 2182 dubita,
1451 2108 1505 2190 quin
1551 2099 1554 2135 ³

171 2195 277 2256 eodem
297 2201 433 2273 tempore
450 2192 556 2254 iisdem
573 2191 610 2254 de
626 2193 728 2255 causis
743 2200 776 2254 et
791 2193 925 2255 infantes
938 2194 1189 2258 Bethleemiticos
1212 2197 1376 2260 adnecem
1397 2197 1503 2279 conqni
1551 2214 1553 2232 ³

58 2278 61 2283 ’
171 2283 285 2346 siverit.
330 2283 410 2344 Nam
425 2282 516 2365 iidem
530 2281 699 2362 pharisaei,
722 2282 771 2363 qui
794 2282 914 2345 ceteris
928 2284 1160 2365 conspirationis
1182 2286 1323 2348 consciis
1338 2287 1446 2350 indicio
1463 2305 1505 2348 ano
1549 2291 1553 2372 ᾖ

52 2370 57 2391 ”
171 2382 264 2436 causa
279 2371 362 2433 fuere
384 2371 481 2444 necis,
504 2372 595 2433 etiam
611 2371 879 2434 Bethleemiticum
895 2372 1079 2434 territorium
1095 2371 1201 2436 'eodem
1215 2375 1331 2438 indicio
1349 2395 1403 2438 suo
1416 2375 1503 2457 perdi·

171 2462 288 2524 derunt
334 2458 430 2523 Simul
452 2466 554 2522 autem
575 2479 631 2541 per
652 2461 710 2522 has
733 2460 978 2525 circumstantias
1002 2461 1095 2523 etiam
1116 2463 1197 2525 circa
1216 2463 1349 2546 Josepbi
1371 2465 1503 2528 silentium
1549 2484 1552 2537 j

170 2549 401 2614 admirationem
415 2549 540 2611 minues.
585 2550 738 2630 Josephus
755 2549 842 2623 enim,
857 2557 892 2612 ut
906 2551 1008 2623 vides,
1030 2551 1088 2613 hoc
1104 2551 1170 2633 ipso
1186 2560 1342 2635 tempore,
1363 2574 1420 2636 quo
1435 2572 1502 2617 com

169 2640 394 2702 memorandum
410 2638 466 2701 fuit
481 2638 713 2714 infanticidium,
737 2640 903 2718 occupatus
927 2647 976 2701 eet
997 2641 1028 2701 in
1050 2640 1239 2720 explicandis
1253 2643 1451 2726 malisipsius
1464 2662 1503 2704 re

167 2730 245 2811 giae,
262 2729 356 2790 caede
370 2729 601 2809 pharisaeorum
622 2735 654 2789 et
668 2728 863 2808 plurimorum
879 2729 960 2808 regis
977 2729 1217 2792 domesticorum
1231 2778 1232 2781 ,
1263 2734 1420 2796 Infantum
1441 2733 1503 2795 enin

167 2818 327 2881 calamitas
343 2817 374 2879 id
389 2818 536 2895 temporie
551 2817 582 2879 in
597 2817 716 2897 maguis
733 2824 765 2879 et
781 2816 935 2879 atrocibus
951 2836 1010 2879 nou
1027 2818 1084 2880 fuit
1099 2819 1220 2895 habita,
1236 2821 1263 2883 si
1276 2823 1357 2884 haec
1368 2823 1503 2904 gruem
1546 2851 1550 2899 ι

167 2908 207 2970 ad
229 2907 407 2968 firmandam
426 2907 597 2986 potentiam
611 2906 819 2969 Romanorum
841 2907 980 2987 regisque
996 2907 1127 2969 Herodis
1150 2915 1183 2970 et
1204 2909 1345 2973 tollenda
1367 2912 1502 2974 turbarum
1547 2950 1548 2984 3

110 3028 112 3035 ι
145 2997 284 3060 ‘semina
299 2996 399 3058 relata
414 2995 479 3057 fuit.
524 2995 670 3058 Romanis
687 2996 826 3076 equidem
845 3014 927 3057 more
943 2996 1043 3076 patrio
1059 2996 1174 3060 licebat
1194 2998 1305 3061 tollere
1325 3001 1376 3063 vel
1391 3002 1502 3063 educare
1546 3036 1554 3075 ς

167 3086 280 3149 liberds
296 3103 403 3147 recens
419 3091 511 3146 natos
533 3105 588 3166 pro
608 3084 720 3160 lubitu;
744 3093 835 3167 atque
859 3091 932 3147 ante
954 3104 1050 3148 annos
1070 3085 1113 3149 60
1136 3095 1262 3150 auctore
1277 3089 1362 3152 Julio
1376 3089 1502 3152 Marathe

167 3175 248 3256 apud
271 3173 460 3248 Suetonium,
483 3173 629 3237 Cicerone
654 3180 687 3236 et
701 3174 838 3237 Antonio
861 3173 958 3247 Coss,
981 3192 1048 3236 cum
1067 3176 1237 3257 prodigium
1255 3177 1383 3243 ¹Romae
1404 3180 1500 3241 facturn
1544 3205 1547 3219 ι

167 3270 252 3326 esset
273 3263 409 3344 publice,
435 3282 492 3344 quo
516 3262 756 3326 denunciabatur
777 3281 880 3343 regem
902 3263 1013 3344 populo
1035 3263 1173 3327 Romano
1195 3273 1339 3329 naturam
1361 3267 1501 3349 parturire
1544 3296 1552 3331 ι

168 3352 466 3415 senatusconsultum
482 3352 612 3425 factum,
626 3358 662 3413 ut
676 3371 777 3427 nemo,
793 3352 843 3433 qui
859 3371 895 3414 eo
912 3372 991 3415 anno
1007 3360 1099 3415 uatus
1114 3361 1207 3429 esset,
1223 3355 1423 3431 educaretur,
1437 3354 1500 3438 qnod
1544 3377 1548 3403 τ

55 3479 63 3488 ·
156 3450 268 3505 tamen
283 3459 456 3522 paucorum,
472 3443 522 3523 qni
537 3441 680 3522 gravidas
696 3460 807 3504 uxores
822 3441 979 3525 haberent,
994 3441 1213 3506 intercessione
1229 3445 1289 3508 fuit
1303 3446 1429 3510 irritum.

255 3528 336 3601 Quid
352 3550 423 3592 vero
441 3530 467 3593 si
481 3531 616 3612 Josepho
640 3549 733 3592 causa
749 3531 877 3605 silentii,
902 3531 981 3612 quod
1004 3532 1213 3596 crudelissima
1235 3535 1351 3597 caedes
1373 3537 1403 3598 iu
1422 3533 1499 3598 dano
1543 3570 1555 3613 2>

166 3620 299 3683 Herodis
323 3626 473 3682 annotata
489 3619 640 3683 nonfuit?
687 3617 766 3690 Quid
790 3620 815 3681 si
839 3627 1025 3701 compertum
1048 3621 1200 3702 Josepho,
1221 3625 1354 3704 primum
1376 3622 1500 3688 facinori
1544 3651 1550 3700 4

166 3711 355 3773 inventorem
371 3717 403 3772 et
418 3709 632 3788 instigatorem
647 3709 740 3771 fuisse
749 3708 947 3790 Antipatrum
963 3710 1098 3792 adeoque
1115 3716 1148 3774 et
1162 3720 1410 3793 perpetratorem
1423 3731 1499 3796 prae·
1543 3751 1548 3781 κ

97 3858 103 3866 .
167 3806 254 3862 textu
268 3798 406 3861 mandati
421 3799 519 3879 regii?
549 3799 607 3860 Hic
624 3797 702 3860 enim
718 3806 798 3873 erat,
814 3798 898 3878 cujus
912 3797 1017 3861 liberis
1032 3800 1187 3863 nociturus
1201 3804 1375 3883 putabatur
1389 3823 1441 3866 rex
1453 3821 1499 3864 nn·
1542 3861 1554 3885 ‚g

164 3907 220 3969 per
234 3897 342 3968 uatus;
356 3887 496 3973 Herodes
512 3888 576 3968 ipse
588 3884 653 3967 jam
670 3905 764 3950 senex
780 3905 903 3968 sperare
918 3906 979 3967 uon
993 3895 1134 3969 poterat,
1151 3910 1183 3952 se
1200 3892 1240 3954 ad
1256 3893 1289 3955 id
1302 3912 1400 3976 nsque
1414 3893 1517 3969 victr-v
1541 3909 1549 3969 ¹,

166 3996 246 4051 rum,
269 3978 365 4040 donec
387 3977 578 4039 adolesceret
601 3977 701 4039 infans
717 3984 789 4039 tuuc
805 3983 904 4040 natue.
949 3977 1118 4059 Antipater
1139 3981 1380 4061 parricidialinm
1401 3982 1499 4045 calum-

166 4066 283 4129 niarum
308 4066 419 4129 artifex
438 4066 534 4146 primo
551 4064 663 4128 fratres
679 4085 739 4128 uon
754 4065 890 4128 uterinos
904 4066 972 4129 neci
988 4064 1131 4143 dederat,
1154 4077 1189 4131 nt
1212 4070 1270 4133 sibi
1294 4072 1499 4136 successionem
1541 4065 1546 4135 ξ

166 4155 313 4229 firmaret,
334 4156 498 4237 poetelius
514 4158 625 4218 fratres
640 4155 757 4218 Romae
772 4156 920 4237 degentes
937 4157 1018 4238 apud
1031 4164 1151 4238 patrem
1173 4159 1252 4221 falso
1276 4161 1443 4236 detulerat,
1460 4158 1498 4222 bit
1541 4202 1548 4222 ι

166 4243 293 4328 deniqne
316 4244 485 4326 Antipater
506 4245 604 4326 patris
627 4245 784 4308 custodem
805 4245 903 4321 vitae,
921 4246 1182 4327 conspirationum
1202 4249 1418 4331 indagatorem
1438 4266 1547 4332 pro·

166 4336 281 4409 fessus,
303 4335 392 4397 fldem
408 4343 528 4397 tantam
544 4334 624 4416 apud
640 4341 759 4415 patrem
774 4340 941 4410 meruerat,
963 4342 1000 4397 ut
1020 4342 1053 4398 et
1073 4335 1207 4400 infantes
1228 4348 1370 4403 mactare
1391 4349 1422 4403 et
1434 4335 1542 4402 null

165 4444 224 4487 uon
240 4430 417 4506 perpetrare
431 4425 530 4505 patris
545 4424 663 4487 nomine
678 4431 786 4504 posset
800 4424 858 4487 hoc
873 4431 1046 4504 praetextu,
1062 4428 1148 4506 quasi
1157 4427 1318 4492 securitati
1328 4430 1423 4512 patris
1432 4446 1493 4490 eon·
1540 4482 1542 4485 ,

166 4515 295 4589 suleret;
317 4509 483 4595 Antipater
506 4514 632 4595 denique
655 4513 799 4594 patrem
790 4532 888 4594 ipsum
909 4533 1026 4577 veneno
1045 4516 1171 4596 petivit,
1193 4536 1252 4599 quo
1275 4518 1344 4600 ipse
1366 4512 1539 4583 maturius

104 4650 109 4666 .
165 4611 324 4684 regnaret,
347 4604 574 4686 convictusque
586 4602 709 4664 sceleris
731 4611 828 4665 morte
850 4602 907 4665 luit
929 4605 1057 4686 quinque
1080 4605 1145 4668 dies
1170 4615 1242 4669 ante
1267 4609 1384 4673 obitum
1404 4605 1488 4702 patris
1532 4628 1550 4682 g

165 4692 271 4832 Itaque
288 4711 354 4755 cnm
369 4693 437 4774 lego
455 4694 535 4772 apud
549 4681 742 4755 Matthaenm
757 4692 867 4772 plurali
883 4711 1022 4755 numero.
1046 4694 1191 4758 Defunoti
1207 4705 1293 4772 sunt,
1316 4699 1367 4781 qui
1380 4696 1486 4780 quaerr-
