3112 5474
198 208 259 265 37⁶2
783 205 917 254 Praefatio.

284 381 367 444 Nam
384 378 459 463 quid
479 380 616 460 gravius,
640 379 716 463 quid
734 379 889 455 acerbius,
913 379 989 462 quid
1006 381 1106 461 magis
1129 381 1311 444 luctuosum
1334 383 1487 464 contingere
1542 368 1546 387 ⁹

196 470 270 534 mihi
293 470 406 552 potuit,
429 489 525 550 quani
544 469 608 532 ιιοό
622 470 756 533 triennio
779 470 926 549 contigit:
950 469 1088 552 quicum
1108 469 1259 534 haberem
1282 470 1364 534 ritae
1385 473 1488 551 sociam,

197 581 259 623 non
282 559 384 623 dicam
406 557 641 634 charissimam,
665 557 794 639 vulgare
816 558 876 621 hoc
898 563 946 621 est
968 557 1108 621 release
1130 558 1233 638 debet,
1257 558 1314 623 sed
1336 559 1437 637 talem,
1455 563 1490 626 ori

196 648 323 731 publica
344 647 430 711 fama
456 646 597 728 palmam
624 645 787 710 tribuebat
809 647 999 724 honestatiS,
1023 645 1209 729 probitatis,
1230 647 1418 731 'pudicitiae,
1437 671 1491 714 cun

197 738 300 802 forma
315 742 353 800 et
370 735 519 799 comitate
535 735 615 799 citra
630 734 715 798 litem
739 735 879 818 exemplo
903 735 1064 799 rarissimo
1087 740 1293 820 conjunctae:
1317 744 1353 801 ut
1365 739 1493 803 interiora

197 832 228 889 et
250 825 292 889 ab
314 824 411 888 oculis
435 823 518 904 vulgi
540 830 672 900 remota,
694 823 850 906 pietatem,
866 824 898 886 in
913 825 1014 896 Deum
1036 830 1067 887 et
1089 823 1331 890 beneficentiam
1353 827 1384 891 in
1402 847 1493 909 ιςιιοι

193 919 260 999 Jam
281 920 460 977 transeam:
495 933 566 976 cum
588 918 692 976 essent
725 912 800 975 mihi
830 935 867 975 ex
889 912 944 976 illa
973 912 1061 976 liberi
1088 912 1314 993 florentissimi,
1347 917 1494 1000 praecipue

196 1024 274 1086 puer
297 1002 456 1078 sexennis,
478 1001 591 1065 matris
613 1001 692 1065 adeo
720 1001 845 1077 similis,
874 1007 910 1064 ut
933 1001 996 1065 sive
1019 1001 1129 1088 florem
1156 1004 1303 1085 corporis
1330 1025 1494 1088 morumque

196 1091 386 1155 suavitatem
415 1090 600 1172 respiceres,
628 1091 690 1152 sive
720 1095 870 1159 uotorum
898 1090 1020 1153 faustas
1048 1091 1270 1169 ominationes,
1303 1092 1495 1176 Hyacinthum

197 1180 315 1244 diceres
337 1179 659 1262 matutinumprimis
682 1179 762 1242 veris
785 1177 908 1257 diebus,
932 1177 1052 1242 odores·
1071 1179 1248 1245 ambrosios
1276 1179 1382 1247 halitu
1408 1188 1493 1246 tencr-

197 1269 278 1332 rimo
301 1265 482 1332 fundentem
505 1265 752 1350 perconclavia3
776 1288 855 1350 puer
873 1273 966 1330 tanta
988 1267 1085 1331 matri
1107 1267 1264 1332 charitate
1288 1291 1452 1348 connexus,
1469 1276 1495 1334 ut

197 1363 369 1437 utrumque
389 1377 454 1419 nou
475 1355 625 1436 languere
651 1376 730 1439 prae
757 1376 884 1432 amore,
916 1355 971 1419 sed
998 1355 1093 1439 plane
1118 1356 1226 1422 furere
1254 1357 1407 1423 dixisses:
1432 1359 1495 1423 hanc
1537 1355 1544 1410 J

197 1451 304 1509 tamen
337 1448 500 1529 conjugem
529 1444 561 1507 in
589 1444 657 1526 ipso
688 1452 777 1507 const
764 1444 893 1508 titutam
926 1450 1013 1508 aetat
965 1445 1041 1507 tatis
1074 1444 1188 1509 robore
1217 1442 1282 1511 ridi
1316 1449 1495 1512 saevientium

199 1533 365 1598 humorum
398 1533 566 1599 insultibus
601 1538 671 1598 toto
706 1533 840 1597 triennio
873 1533 959 1598 ident
960 1532 1042 1596 idem
1074 1535 1263 1618 oppugnari,
1300 1536 1496 1620 conqnaaeari,
1539 1551 1546 1622 ,ζ

200 1622 354 1705 paulatim
377 1621 447 1685 dest
433 1623 508 1702 trui,
530 1621 672 1704 adeoque
684 1642 747 1684 uon
761 1643 836 1685 raro
850 1621 929 1686 dest
915 1628 987 1686 tatu
1006 1623 1138 1686 rationis
1160 1622 1330 1689 deturbari
1353 1632 1497 1724 menteque
1540 1622 1549 1704 j

197 1712 332 1789 moveri;
356 1717 497 1793 quamt
483 1703 622 1786 taudem,
657 1708 759 1772 ubi
732 1733 782 1773 vm
812 1711 971 1794 respirare
998 1712 1065 1774 visa
1087 1718 1145 1789 est,
1180 1701 1337 1778 afflictam
1367 1714 1496 1779 ιιοιιιιιι

198 1801 281 1864 inter
303 1820 337 1863 se
347 1798 479 1863 morbis
490 1799 747 1872 charissimorum
769 1797 951 1877 liberorum,
975 1761 1154 1882 perculsam
1171 1798 1283 1865 int-ime
1298 1811 1403 1867 morte
1413 1800 1496 1886 puella

199 1889 254 1971 qui
276 1887 439 1954 dimidium
462 1887 514 1952 illi
528 1887 632 1951 cordis
662 1893 748 1965 erat,
779 1887 1015 1952 terroribust
984 1889 1079 1952 etiam
1106 1890 1303 1954 exercituum
1331 1899 1364 1956 et
1386 1892 1496 1974 imagine

199 1984 350 2061 cruentae
371 1997 497 2059 pugnae
514 1974 718 2059 iunrbeipsa
740 1977 926 2040 commissae
947 1978 1072 2060 penitus
1095 1975 1365 2062 obstupefactam,
1389 1980 1496 2062 denique
1535 1973 1539 2003 ³

199 2066 419 2149 desperatione
440 2065 606 2129 meliorum
627 2070 807 2147 temporum
829 2070 860 2128 et
891 2065 1064 2130 immortali
1095 2065 1249 2131 desiderio
1286 2070 1398 2134 amissi
1423 2068 1493 2132 dilec-
1538 2127 1552 2151 ζ

198 2155 312 2220 tissimi
335 2154 475 2237 pignoris
499 2152 723 2232 tabescentem,
746 2154 857 2218 ultima
868 2154 1036 2234 malorum,
1060 2156 1205 2237 contagio
1228 2154 1327 2221 febris
1340 2158 1495 2240 Ungarioe

200 2244 380 2307 maculosae
414 2242 512 2325 (pieta
513 2247 576 2305 etm
610 2241 679 2304 ulta
712 2263 775 2306 non
807 2243 1015 2326 temperantis
1049 2242 1107 2327 sibi
1136 2265 1156 2308 a
1185 2244 1352 2310 visitandis
1385 2245 1494 2323 iniectio
1536 2310 1552 2334 ,

200 2332 365 2415 corripuit,
402 2331 641 2414 importansque
667 2330 884 2414 tristissimum
912 2331 971 2396 sub
1005 2331 1077 2396 Sole
1110 2332 1358 2399 melancholicae
1387 2334 1495 2412 ἆθιμιιι
1533 2327 1550 2381 Γ

200 2426 306 2504 stpt
307 2441 398 2497 orna,
427 2418 470 2483 ad
492 2426 668 2483 extremum
691 2418 855 2498 exstinxit,
886 2425 978 2484 tanta
1005 2421 1276 2487 commiseratione
1307 2419 1556 2508 ιιοιίιιιιιιίιιιιι,;ἱ

87 2504 95 2514 κ
200 2514 238 2573 nt
258 2514 372 2587 essent,
396 2529 477 2592 quae
496 2507 739 2572 exclamarent
731 2529 761 2570 m
778 2511 861 2660 ejus
862 2508 979 2587 suamc,
1002 2517 1076 2592 post
1062 2507 1174 2575 thane
1197 2510 1535 2601 sepultaminTmris
1530 2560 1535 2592 ,

200 2619 264 2662 uon
293 2617 456 2681 superesse
484 2596 609 2663 bonam.
662 2598 791 2674 Quaet
793 2598 836 2659 ris
838 2598 950 2660 tissimi
979 2614 1072 2662 casus
1101 2593 1223 2681 imago,
1254 2595 1536 2692 quanquamnl

200 2687 323 2751 hostem
352 2684 543 2764 barbarum,
576 2686 603 2749 si
634 2689 797 2768 spectator
824 2685 947 2764 fuisset,
982 2686 1097 2751 nedum
1126 2689 1279 2752 maritum
1309 2688 1535 2754 communiunt¹

191 2782 326 2858 ‘patrem
342 2774 519 2854 liberorum
540 2781 612 2858 pert
600 2773 808 2838 turbaret
751 2780 808 2856 pot
808 2775 921 2853 uisset,
944 2782 1067 2854 t,amen
1091 2777 1183 2860 quasi
1205 2775 1266 2842 hoc
1289 2800 1408 2863 parum
1426 2783 1493 2851 esse„
1531 2770 1556 2836 Ι

161 2889 163 2896 ·
201 2864 316 2928 accesit
339 2862 380 2927 ad
395 2849 556 2926 cumulum
576 2863 774 2926 miseriarum
793 2863 870 2927 haec
883 2884 1019 2947 quoque
1032 2864 1213 2929 insultantis
1236 2860 1388 2933 fortunae
1408 2865 1491 2944 malie·

114 3026 116 3033 Ι
170 2954 302 3016 nitas
337 2951 523 3034 quodcum
556 2956 640 3015 totos
670 2950 814 3015 undecim
837 2971 937 3016 anuos
961 2953 1085 3036 Pragae
1114 2952 1334 3020 difficultatem
1370 2950 1494 3038 assignati

166 3122 170 3126 Α
202 3039 346 3124 stipendii
379 3039 472 3104 aulici
505 3038 691 3105 tolerassem
726 3057 797 3103 curu
831 3043 962 3140 conjuge
995 3041 1129 3106 sollicita
1159 3041 1198 3106 de
1228 3065 1287 3108 suo
1310 3042 1494 3116 matrimonio

202 3128 381 3194 melioribus
403 3128 509 3210 digna,
531 3150 604 3193 cum
626 3133 706 3192 atot
674 3149 727 3192 0
750 3128 884 3193 triennio
906 3128 1077 3194 discessum
1099 3152 1137 3194 ex
1148 3126 1255 3195 aula
1246 3155 1281 3196 ιιι
1305 3133 1408 3198 locum
1427 3140 1529 3196 trar

204 3218 381 3301 quilliorem
402 3216 491 3281 molit
478 3223 530 3282 tus
548 3238 657 3294 essem,
680 3216 872 3298 tandemque
883 3218 1006 3280 malis
998 3218 1247 3284 intolerabilibus
1270 3215 1493 3306 impendentibus

203 3306 299 3372 adact
285 3312 352 3385 t,us
379 3311 416 3370 ut
438 3307 514 3370 meis
542 3305 765 3406 prospicerem,
799 3306 914 3371 violent
900 3314 986 3371 tam
1002 3307 1197 3391 eruptionem
1231 3314 1416 3390 tentassem,
1444 3326 1494 3372 cum

200 3399 267 3480 jam
290 3394 329 3458 de
345 3356 419 3460 ioco
442 3401 548 3459 certus
571 3415 688 3473 essem,
711 3395 742 3458 in
766 3416 844 3478 quo,
868 3395 895 3459 si
918 3395 996 3479 quid
1016 3395 1133 3460 habent
1155 3398 1234 3461 certi
1255 3399 1421 3475 mortalia,
1440 3395 1492 3462 mss

204 3485 321 3548 rectius
343 3482 500 3548 futurum
509 3505 612 3566 spere,
634 3483 667 3546 ιιι
689 3482 759 3566 ipso
780 3485 931 3567 temporis
954 3485 1126 3551 articulo
1113 3492 1181 3570 Jaet
1181 3507 1276 3551 nram
1298 3487 1381 3553 hanc
1401 3487 1459 3564 leci,
1473 3487 1493 3545 tl

205 3572 345 3657 conjugis
379 3573 517 3656 optimae
543 3578 576 3635 et
601 3593 725 3655 operae,
761 3592 856 3654 quam
886 3573 967 3640 illius
1001 3575 1170 3724 praecipue
1204 3577 1398 3642 recreandae
1424 3590 1493 3640 cause
1523 3627 1527 3683 J

205 3681 398 3726 sumseram.
421 3661 538 3725 seilicet
559 3667 595 3725 ut
607 3661 788 3745 cogitarem,
812 3668 911 3762 quant
913 3685 931 3725 ο
948 3668 1014 3726 rect
1015 3661 1065 3726 ius
1079 3669 1192 3747 pastor
1207 3665 1391 3730 ammarum
1402 3661 1527 3731 miseri-5

205 3750 406 3814 cordissimus
421 3749 709 3836 illiprospexisset,
732 3752 829 3902 cujust
845 3751 912 3831 virg
914 3757 977 3814 aet
963 3750 1121 3815 tbaculus
1144 3751 1364 3819 ambulantem
1379 3741 1526 3820 immadi]
1522 3776 1530 3875 J

205 3839 338 3903 umbrae
360 3832 472 3903 mortis
495 3838 659 3905 consolata
681 3843 770 3915 sunt,
793 3845 907 3921 utqui
908 3840 997 3903 amris
1019 3839 1158 3918 timeret,
1181 3862 1246 3905 non
1269 3849 1379 3908 tamen
1398 3840 1535 3910 timeres

205 3929 302 4005 mala,
324 3926 539 3991 infirmitatem
561 3930 627 4011 ejus
643 3925 795 4011 adJuvan
796 3946 814 3990 e
833 3928 946 4010 spiritu
959 3935 990 3991 et
1001 3927 1185 4011 postulante
1207 3932 1405 4013 gemitibus
1397 3946 1489 3996 memor
1521 3940 1535 4006 ι

206 3978 369 4081 rabilibus.
1530 4039 1535 4049 ⁹

295 4107 453 4182 Quorsum
470 4104 553 4168 haec
575 4084 706 4168 autem?
736 4103 778 4168 Et
800 4124 878 4166 num
906 4102 1052 4167 solus<r
1015 4126 1052 4187 eg
1053 4126 1071 4169 ο
1094 4127 1262 4171 novercam
1295 4108 1432 4192 experior
1448 4103 1488 4169 ior
1538 4117 1539 4123 ’

119 4269 120 4272 ¹
206 4194 342 4258 tunam?
364 4193 521 4257 Nimirum
543 4199 580 4256 ut
601 4191 649 4256 vel
672 4214 710 4256 cx
732 4191 801 4274 ipsa
829 4193 970 4256 oratione
997 4214 1238 4276 recognosceres
1266 4198 1405 4262 animum
1421 4194 1487 4260 illum

208 4304 301 4366 quem
329 4288 403 4346 sunt
432 4282 485 4365 qui
513 4280 616 4345 adhuc
643 4280 803 4344 mirantur
825 4302 875 4344 me
901 4281 1058 4346 remisisse
1085 4282 1126 4346 ab
1149 4304 1187 4348 ea
1214 4285 1401 4362 intentione,
1423 4296 1487 4365 qnam

207 4373 375 4455 requirunt
397 4370 627 4455 speculationes
650 4368 890 4433 astronomicae
927 4370 1045 4448 Quibus
1068 4371 1213 4453 equidem
1244 4374 1292 4438 uti
1319 4396 1380 4439 uon
1402 4368 1486 4437 inlicissr
1535 4423 1542 4491 ,⁵

208 4480 396 4545 suspensum
418 4481 438 4524 ιι
460 4480 509 4523 me
532 4458 700 4536 hactenus,
727 4459 790 4522 imo
820 4457 895 4522 mihi
922 4460 1007 4522 velut
1030 4481 1047 4524 e
1069 4460 1215 4525 manibus
1239 4483 1400 4530 excussum
1423 4459 1540 4526 lusti

208 4549 348 4613 studium
379 4549 635 4624 astronomicum,
666 4548 711 4611 ita
742 4547 1021 4615 demonstrandum
1054 4552 1147 4633 juxta
1180 4553 1293 4633 putavi
1323 4552 1378 4618 hoc
1404 4542 1482 4613 libello

210 4639 353 4720 quamvis
375 4636 583 4719 fatigantibus
594 4635 745 4714 adversis
758 4657 821 4699 non
834 4657 956 4699 omnem
971 4644 1078 4701 tamen
1101 4636 1280 4705 studiorum
1302 4660 1402 4706 curam
1419 4634 1525 4700 sume

210 4728 401 4792 remissam.
432 4728 532 4806 Quam
560 4731 666 4792 autem
698 4725 866 4790 materiam
898 4724 1066 4791 fallendit
1054 4729 1206 4810 temporis
1225 4726 1426 4812 ingratissimi
1443 4713 1515 4783 ιι
1513 4765 1514 4768 =
