3134 5482
236 247 298 304 418
756 238 863 302 Eclogue
883 208 1027 287 chronicae.

236 418 276 481 de
310 412 604 497 opportunitatibus
640 412 777 475 rusticis.
826 410 912 474 Vera
939 411 1050 494 itaque
1079 409 1287 473 nihilominus
1317 413 1423 472 manet
1448 410 1519 475 llosis

235 505 339 582 litera,
371 503 494 568 Lunam
517 521 586 564 esse
603 499 642 563 in
664 500 764 582 signa-
778 503 810 562 et
831 513 957 562 menses
979 506 1013 562 et
1035 498 1112 578 dies,
1143 498 1205 562 etsi
1227 498 1342 562 Lunae
1363 497 1443 561 ratio
1461 519 1520 562 nur

235 615 334 675 quam
360 591 394 654 in
422 588 648 656 Calendarium
674 587 840 671 politicum
866 588 1053 670 recipiatur,
1089 591 1126 651 ut
1152 586 1242 670 apud
1268 586 1460 665 Mexicanos,
1489 587 1526 670 qui

236 701 361 747 menses
387 678 509 744 babent
538 676 596 755 1'8,
622 675 763 759 singulos
792 681 833 742 20
861 675 994 740 dierum.
1040 671 1160 755 Quodsi
1182 674 1267 760 ‘quid
1294 674 1406 739 valent
1430 678 1526 760 conjec

125 804 127 807 ·
210 777 338 845 turae,
362 789 465 832 annus
487 765 640 830 Judaicus
663 765 837 830 communis
865 763 979 833 habuit
1009 767 1049 829 52
1074 764 1290 847 septimanas,
1322 763 1474 846 septimus
1496 769 1529 841 bl

235 857 401 922 vicesimus
441 844 573 920 octavus
613 853 835 937 unusquisque
878 859 929 920 54.
992 853 1076 917 Nam
1109 858 1187 919 sunt
1219 852 1336 934 aliqua
1369 852 1482 917 indicia
1507 872 1533 916 cr

238 944 436 1012 calendariis
466 943 583 1013 Exodi
599 948 632 1006 et
659 942 820 1026 ingressus
848 942 883 1006 in
906 941 1048 1021 canaan,
1078 940 1256 1022 exquibus
1277 939 1409 1004 ridetur
1429 940 1534 1023 probari

237 1052 339 1116 posse,
372 1038 469 1114 caput
491 1031 567 1096 anni
590 1030 723 1096 eandem
746 1035 900 1114 perpetuo
921 1029 1035 1094 leriam
1056 1028 1244 1095 obtinuisse.
1290 1029 1363 1093 Nec
1385 1036 1435 1092 est
1455 1029 1533 1092 incre

237 1120 342 1198 dibile,
374 1120 486 1185 Mosen
514 1120 548 1184 in
577 1121 723 1202 Aegypto
752 1119 841 1185 inter
866 1124 1003 1183 ceteram
1033 1138 1143 1183 eorum
1172 1116 1344 1195 scientiam
1374 1119 1471 1182 etiam
1494 1117 1536 1181 hoc

237 1210 392 1286 didicisse,
417 1229 536 1271 annum
559 1208 654 1272 Canis
678 1207 790 1289 quinto
814 1227 943 1290 quoque
965 1228 1050 1271 anno
1073 1226 1172 1289 supra
1194 1207 1262 1271 dies
1288 1211 1355 1273 365
1378 1226 1537 1270 excresces

236 1300 270 1371 in
300 1298 384 1361 ‹liem
413 1318 523 1360 unum.
567 1297 656 1360 Haec
685 1296 769 1360 enim
799 1295 888 1360 rudis
917 1295 1052 1360 scientia
1079 1295 1169 1378 apud
1189 1294 1276 1379 ipsos
1300 1294 1469 1377 antiquior
1487 1293 1537 1369 luit

238 1407 338 1469 quam
361 1391 475 1455 exacta
497 1385 634 1467 cognitio
657 1383 782 1467 periodi
802 1384 948 1448 Lunaris.

174 1519 176 1525 -
236 1538 239 1544 ,
327 1474 440 1539 Esaias
470 1473 642 1556 exprobrat
672 1472 841 1538 Chaldaeis
871 1472 911 1556 (c.
935 1472 1001 1553 47),
1024 1469 1114 1554 quod
1135 1469 1349 1554 contemplati
1369 1471 1438 1536 sint
1456 1470 1538 1536 sidus

169 1635 176 1643 ,
240 1568 273 1628 et
303 1563 548 1645 supputaverint
577 1582 713 1639 menses,
738 1566 787 1633 ,ut
817 1580 856 1624 ex
884 1561 923 1625 iis
951 1561 1147 1625 annuncient
1174 1559 1298 1625 futura
1354 1560 1460 1625 Valde
1485 1559 1537 1625 hinc

240 1651 408 1716 uerisimile
429 1649 475 1728 fit,
503 1649 644 1715 ‚Iudaeos
665 1655 744 1713 tunc
765 1671 830 1715 nou
851 1655 1043 1732 supputasse
1064 1669 1194 1712 cursum
1211 1649 1344 1728 Lunae,
1366 1669 1409 1713 ne
1431 1649 1539 1731 spen'ar

239 1741 273 1803 in
295 1760 330 1803 se
352 1739 557 1804 admitterent
578 1738 673 1823 hujus
695 1737 822 1821 augurii
844 1738 990 1802 coelestis
1011 1742 1180 1820 tantopere
1201 1736 1362 1819 prohibiti
1384 1738 1491 1819 (Dent
1506 1741 1538 1802 ll.

242 1827 350 1892 cultius
372 1827 454 1894 Solis
477 1833 510 1891 et
530 1827 641 1892 Lunae
663 1827 747 1892 serio
768 1825 919 1908 vetatur),
941 1847 1006 1891 non
1029 1831 1079 1890 est
1099 1825 1197 1907 igitur
1214 1824 1402 1905 verisimile,
1426 1825 1539 1892 «lumea

242 1937 362 1980 annum
392 1920 595 1998 computasse
624 1914 801 1984 secundum
829 1914 941 1979 Lunae
970 1934 1107 1990 cursum,
1138 1919 1198 1978 aut
1225 1912 1315 1978 festa
1345 1915 1381 1978 in
1404 1912 1539 1979 novilunio

242 2003 430 2083 celebrasse,
453 2023 494 2067 ne
516 2003 641 2070 Lunam
663 2004 697 2066 in
718 2002 829 2085 aliquo
851 2002 950 2068 uetito
972 2003 1091 2068 honore
1112 2000 1233 2074 babere
1255 2001 1459 2066 viderentur.
1480 2003 1539 2067 Nau

243 2091 333 2175 quod
363 2090 470 2157 Solem
500 2092 626 2173 attinet,
659 2090 701 2156 ad
731 2093 828 2174 quem
846 2112 961 2160 annus
992 2092 1134 2174 ipsorum
1153 2095 1233 2154 erat
1260 2090 1490 2165 conformatus
1515 2108 1540 2152 a

219 2225 222 2231 ι
242 2180 325 2246 ratio
344 2184 412 2265 jam
433 2201 454 2244 a
476 2179 587 2244 mundi
605 2179 735 2245 exordio
754 2180 927 2255 duraverat
943 2179 1067 2261 fuitque
1085 2178 1243 2257 instituta,
1268 2179 1406 2262 quando
1425 2178 1539 2247 nondun

243 2267 312 2334 ulla
332 2268 516 2334 idololatria
538 2275 619 2333 erat.
648 2269 691 2334 Et
712 2267 881 2353 uerisimile
904 2274 963 2348 est,
985 2267 1155 2351 plerosque
1173 2274 1246 2349 post
1262 2267 1381 2332 Mosen
1395 2268 1538 2349 ίεηοηεκ

245 2357 337 2421 unde
368 2377 452 2422 anno
487 2377 547 2420 sua
582 2365 666 2421 esset
703 2356 879 2439 longitudo.
923 2354 1172 2421 verisimilitudo
1205 2355 1270 2420 ista
1303 2356 1425 2437 nititur
1454 2354 1540 2419 doni

243 2444 352 2512 licitae
383 2445 535 2509 scientiae
565 2452 598 2510 et
626 2445 731 2513 illiciti
760 2445 892 2520 abusus.
936 2445 1020 2511 Nam
1042 2445 1097 2509 ubi
1120 2443 1285 2526 legislator
1309 2464 1379 2509 non
1402 2443 1539 2508 manifsta

245 2540 279 2597 et
300 2534 334 2597 in
356 2534 461 2616 specie
484 2532 660 2616 distinguit,
682 2533 728 2598 ibi
750 2533 791 2597 de
808 2533 883 2598 rudi
903 2533 1021 2617 populo
1040 2533 1285 2615 praesumimus,
1311 2533 1404 2615 quod
1423 2553 1479 2596 nec
1493 2532 1540 2613 ipa

245 2622 432 2704 distinguat
465 2622 655 2705 Exemplum
681 2626 730 2686 est
754 2622 848 2687 bodie
873 2622 909 2686 in
933 2621 1100 2687 intellectu
1123 2621 1290 2704 praecepti
1311 2621 1448 2686 secundi
1466 2615 1539 2702 (apul

245 2708 436 2793 Hebraeos),
455 2710 496 2775 de
510 2710 739 2794 sculptilibus:
767 2709 824 2776 ubi
845 2710 962 2776 ‚Iudaei
989 2710 1088 2793 plane,
1107 2708 1233 2774 nullum
1256 2709 1386 2774 faciunt
1410 2706 1539 2792 scalpus

246 2799 299 2866 Sic
321 2799 406 2880 olim,
430 2805 512 2872 teste
530 2799 678 2883 Josepho,
702 2799 798 2882 plane
817 2820 857 2864 ne
876 2799 1006 2883 quidem
1023 2797 1271 2881 negotiabantur
1290 2817 1370 2863 cum
1388 2795 1540 2879 longinqui

247 2893 281 2954 et
306 2887 359 2952 rix
384 2908 480 2970 aegre
505 2909 578 2952 cum
603 2888 761 2968 finitimis,
785 2888 864 2972 quia
884 2888 963 2970 ipsis
984 2887 1190 2965 interdictum
1212 2893 1286 2950 crat
1310 2886 1470 2953 societate
1487 2904 1539 2968 ga

246 2975 354 3043 tilium
376 2975 568 3042 connubiali.
613 2977 688 3044 Aba
708 2983 898 3060 argumenta
918 2997 977 3060 pre
998 2997 1083 3040 anno
1106 2973 1209 3042 Solari
1232 2974 1285 3039 hic
1309 2976 1438 3049 omitto.

336 3068 481 3131 Annum
508 3065 621 3147 'itaque
646 3065 835 3131 lunarem
864 3071 944 3148 puto
973 3071 1046 3148 post
1068 3066 1240 3132 Persarum
1262 3063 1485 3128 monarchiam
1502 3057 1542 3125 sul

249 3143 476 3218 Macedonibus
494 3152 722 3233 introductum.
756 3153 931 3236 Postquam
950 3154 1034 3218 enim
1051 3151 1235 3218 Alexander
1253 3153 1343 3235 cepit
1362 3152 1541 3235 Babylonea

249 3241 370 3317 inuenit
400 3241 532 3324 eclipses
563 3262 585 3304 a
615 3248 678 3313 400
710 3243 803 3319 annis
832 3248 1012 3321 annuatur,
1044 3261 1129 3324 quae
1159 3239 1358 3323 allegatione
1390 3242 1543 3308 dieruntt

248 3329 406 3395 mensium
438 3330 708 3413 Aegyptiacorum
736 3330 977 3397 describuntur,
1019 3331 1109 3396 Tunc
1139 3328 1294 3412 Calippus
1327 3336 1362 3393 et
1394 3336 1467 3414 post
1492 3346 1542 3392 auu

249 3417 452 3500 Hipparchus
475 3419 711 3513 conatiqueruut
733 3419 918 3490 doctrinam.
933 3419 974 3505 de
995 3439 1070 3484 vero
1089 3418 1319 3503 cursuLunae
1341 3418 1541 3483 emendarunt·

249 3526 313 3588 que
344 3506 540 3573 Graecorum
569 3527 692 3572 annum
720 3507 881 3591 Lunarem
906 3507 1012 3590 ¹longis
1041 3506 1181 3590 periodis
1203 3506 1413 3584 introductis,
1440 3506 1491 3570 ille
1509 3506 1542 3568 u.

250 3592 301 3662 hic
319 3599 381 3660 340
397 3614 571 3674 annorum;
595 3601 693 3660 antea
707 3595 819 3660 breues
835 3596 957 3678 periodi
973 3603 1065 3674 erant
1075 3596 1109 3659 in
1120 3616 1190 3675 usu,
1211 3600 1250 3660 19
1263 3594 1318 3659 vel
1331 3602 1352 3661 8
1365 3595 1541 3670 annoruml

336 3682 529 3765 Antiquitus·
553 3682 684 3767 quidem
713 3683 835 3751 Sidonii
863 3684 1118 3767 navigationibus
1148 3683 1247 3748 maris
1269 3682 1378 3748 Rubri
1405 3690 1439 3747 et
1459 3676 1542 3747 ocean

249 3769 369 3835 Persici
391 3771 522 3851 assueti,
554 3792 627 3836 cum
649 3773 803 3852 uiderent,
834 3771 940 3838 fluxus
963 3779 1001 3837 et'
1016 3771 1158 3838 refluxus
1181 3772 1278 3836 maris
1303 3772 1471 3837 circumire
1491 3784 1541 3834 cru

249 3858 370 3924 lumine
391 3858 518 3940 Lunae,
541 3867 578 3925 ut
599 3861 798 3931 commodius,
817 3862 1006 3944 navigarent
1027 3861 1084 3944 (an
1102 3866 1139 3925 ut
1157 3862 1258 3933 Deam
1276 3881 1376 3925 suam
1395 3864 1538 3927 Armua

249 3968 349 4031 quam
378 3946 435 4012 alii
464 3948 617 4032 Dianam,
649 3950 706 4015 alii
727 3950 853 4023 Lunam
869 3955 1001 4033 putant,
1033 3951 1175 4025 sanctim
1205 3947 1377 4030 colerent),
1410 3949 1538 4013 numm

250 4056 371 4099 annum
401 4043 576 4118 coeperunt
604 4059 709 4120 agere,
740 4044 777 4103 ut
806 4039 934 4106 ridetur
964 4039 1066 4123 primi,
1099 4057 1236 4120 eumque
1258 4038 1302 4100 in
1332 4037 1443 4102 Indiae
1470 4031 1536 4099 eti

251 4125 430 4195 Graeciam,
445 4124 670 4208 importarunt.
714 4129 762 4193 De
791 4127 880 4192 Indis
910 4133 1102 4214 conjectura,
1133 4125 1222 4210 quod
1252 4145 1292 4190 ex
1326 4126 1438 4199 Curtio
1463 4128 1534 4206 pata

250 4233 325 4277 usos
352 4233 438 4279 anno
464 4213 586 4280 Lunari
612 4221 756 4299 tempore
782 4215 967 4295 Alexandri,
999 4237 1071 4280 cum
1092 4216 1211 4281 Persae
1233 4214 1332 4279 ricim
1354 4212 1456 4280 Solari
1475 4224 1533 4273 auur

250 4306 429 4367 uterentur.
461 4301 537 4368 *Sed
565 4304 653 4387 apud
680 4305 821 4371 Graecos
847 4325 1022 4387 eorumque
1050 4304 1180 4370 colonos
1200 4303 1314 4384 Italos,
1333 4321 1428 4385 ,quae
1448 4310 1556 4383 macl,

251 4389 388 4455 Graecia
422 4389 509 4454 dicta
541 4391 619 4473 fuit,
654 4392 786 4458 confusa
816 4399 887 4458 erat
916 4393 991 4461 olim
1020 4393 1115 4477 hujus
1144 4392 1283 4459 bunaria
1315 4391 1391 4455 anui
1419 4387 1490 4453 ratio
1509 4385 1556 4484 eij

236 4669 237 4672 Ἴ
329 4594 354 4662 ⁸)
384 4600 454 4654 Hinc
476 4599 559 4655 etiam
579 4603 613 4654 ad
635 4601 755 4654 Graecos
775 4599 923 4670 importata
942 4566 1045 4674 religio
1062 4608 1090 4656 et
1105 4618 1186 4657 saera
1198 4576 1333 4656 Eleusina
1356 4525 1556 4670 Δώρου.ᾼῖ

250 4675 349 4733 festum
370 4680 510 4735 trirnltiae
530 4681 646 4749 Dianae,
673 4681 755 4734 tertio
777 4698 883 4752 quoque
904 4698 984 4763 anuo,⁸
1004 4684 1111 4752 quando
1132 4684 1167 4736 cb
1187 4682 1418 4737 renouatum
1434 4682 1460 4726 ot
1473 4665 1516 4721 Μ’
1555 4730 1556 4733 ,

250 4758 348 4812 mensis
370 4760 407 4814 22
428 4761 531 4814 dierum
552 4761 773 4815 intercalabatur.
1245 4764 1248 4769 ⁴
