3142 5476
234 253 297 322 154
618 359 623 376 .
682 319 683 323 ,
704 261 912 337 Kepl'sriatudts
922 272 1103 338 ehmmlugles.

233 419 381 483 claturnrn
396 400 512 482 dissum
525 414 639 479 mensis
655 412 851 479 Graecorum
881 414 934 480 Sic
950 414 1152 489 statuendum,
1166 412 1357 503 Herodotum
1373 412 1460 494 sequi
1473 412 1504 476 in
1518 410 1522 474 l

232 529 289 572 aua
303 508 492 590 digressione
513 505 664 569 rationem
684 504 860 587 popularem
881 505 1056 569 numerandi
1063 532 1078 580 ,·
1093 522 1170 586 quae
1192 520 1324 567 errorem
1346 522 1436 566 suum
1449 502 1522 565 liber

233 598 419 673 dissimulat,
441 603 477 659 ut
492 592 667 676 compendio
683 592 817 674 proxime
832 612 936 659 veram
951 612 1098 658 emumam
1112 591 1224 656 veniat
1261 590 1295 656 Si
1310 592 1369 658 hoo
1388 591 1522 673 recipias

113 740 118 752 .
233 688 308 759 nihil
322 686 497 750 Herodotus
513 684 650 746 conferet
663 683 791 747 Petavio
809 684 1057 766 adprobandum,
1073 682 1138 746 dies
1152 682 1226 745 anni
1241 681 1334 745 fuisse
1348 681 1522 763 praecised

232 776 306 840 nihil
328 776 368 839 ad
388 793 437 837 me
459 772 666 847 refutandum,
688 773 737 854 qui
753 791 847 853 nego,
868 792 989 837 menses
1012 792 1115 836 omnes
1130 772 1223 835 fuisse
1239 770 1353 834 dierum
1368 771 1422 834 30.
1453 768 1522 833 Inte

232 867 291 929 hoc
305 863 482 928 habebimus
498 882 537 925 ex
550 861 700 925 Herodoti
714 862 790 936 loco,
805 862 836 925 ἰε
852 863 987 944 quolibet
1001 861 1196 944 quadriennio
1212 860 1360 924 naturalis
1377 860 1522 942 longitud

233 960 407 1018 numeratos
423 971 491 1015 esse
507 953 550 1016 50
561 964 689 1014 menses.
713 951 793 1014 Hinc
806 952 1047 1025 nonverisimile,
1066 953 1105 1014 12
1120 950 1289 1013 ordinarios
1303 969 1426 1013 memes
1442 950 1522 1029 siugr

102 1045 107 1057 '
164 1028 166 1041 '
232 1043 375 1107 habuisse
391 1043 434 1105 30
450 1041 529 1116 dies,
552 1041 596 1105 εἰσ
619 1040 698 1123 enim
713 1041 733 1102 2
748 1041 902 1104 mensibus
923 1040 1123 1104 intercalariis
1145 1039 1309 1104 mansisset
1329 1057 1449 1111 summe
1465 1039 1522 1103 εἰσι

233 1131 442 1198 tautummodo
458 1131 498 1194 21
507 1149 517 1206 ;
541 1148 636 1212 neque
652 1130 719 1204 hoc,
734 1136 854 1201 menses
869 1131 963 1194 fuisse
979 1130 1094 1194 dierum
1109 1130 1161 1204 29,
1183 1130 1228 1192 εἰσ
1243 1129 1322 1192 enim
1336 1129 1357 1190 2
1371 1129 1522 1193 intercala

230 1222 396 1285 mansisset
411 1239 526 1283 summa
541 1220 656 1282 dierum
671 1217 723 1293 69,
739 1227 830 1300 atque
846 1220 890 1282 σίσ
905 1220 949 1282 illi
965 1239 1119 1282 numerum
1134 1220 1177 1283 30
1194 1218 1408 1282 excessissent

246 1334 248 1338 ·
317 1311 432 1374 Restat
446 1310 554 1389 igitur,
576 1316 612 1371 ut
633 1307 777 1371 ordinarii
793 1327 918 1371 *meuses
940 1309 1053 1373 fuerint
1074 1308 1304 1390 alternis'pleni
1319 1316 1352 1371 et
1367 1307 1452 1382 cavi,
1475 1307 1522 1370 tur

230 1408 350 1463 exemto
365 1419 425 1462 uno
442 1398 491 1460 dis
507 1398 587 1461 inter
602 1398 844 1473 numerandum„
856 1399 935 1479 quod
951 1399 1044 1461 etiam
1066 1417 1134 1461 cum
1154 1398 1286 1461 motibus
1300 1396 1405 1461 Lunae
1428 1397 1462 1460 ἰε
1476 1403 1522 1460 tet

230 1489 346 1553 tteride
369 1486 552 1550 naturaliter
574 1488 697 1567 incepta
718 1488 842 1568 ejusque
864 1487 968 1568 primis
985 1488 1027 1550 24
1048 1487 1201 1550 mensibus
1223 1487 1358 1568 proxime
1378 1485 1522 1566 congruel

230 1580 298 1642 Hoc
320 1585 412 1659 pacto
434 1576 589 1657 mensibus
609 1576 652 1639 48
669 1575 829 1640 ordinariis
844 1595 960 1649 summa
975 1575 1090 1640 dierum
1114 1571 1198 1642 1416
1220 1576 1416 1651 obveniebat,
1438 1575 1522 1638 hac

231 1674 333 1731 tracta
356 1667 393 1729 de
416 1652 604 1746 longitudine
626 1665 759 1731 naturali
784 1665 883 1741 1461,
911 1666 1137 1749 relinquebatur
1160 1665 1276 1729 duobus
1298 1665 1454 1728 mensibus
1479 1666 1522 1728 int

230 1756 382 1820 calaribus
397 1774 514 1818 summa
530 1754 645 1818 dierum
659 1755 711 1828 45,
727 1762 874 1836 erantque
890 1755 1017 1820 alteruis
1031 1754 1138 1818 diebus
1154 1758 1196 1818 22
1211 1755 1260 1818 vel
1276 1750 1326 1817 23.

316 1845 457 1908 Alterum
484 1844 634 1907 Herodoti
662 1844 883 1916 testimoium
883 1839 940 1924 (L.
957 1846 1013 1919 II.)
1043 1845 1200 1926 superiora
1231 1845 1402 1908 confirmat:
1438 1842 1522 1907 Grae

230 1954 331 1999 σσεσε
345 1942 513 2014 temporum
534 1934 717 1996 naturalium
737 1933 920 1997 intercalare
943 1935 1034 1997 tertio
1058 1953 1175 2019 quoque
1191 1953 1286 2010 anno,
1308 1933 1522 2015 Aegyptiosr

229 2043 320 2106 cgere
339 2024 378 2088 12
394 2038 514 2086 εισεσσσ
530 2020 645 2085 dierum
654 2023 707 2097 30,
722 2041 811 2105 quase
800 2021 949 2101 diceret,
964 2022 1101 2087 Graecos
1116 2024 1206 2105 plane
1222 2025 1280 2087 hoc
1295 2024 1483 2098 nonfacere,
1500 2042 1522 2106 q

229 2115 346 2178 faciunt
360 2111 516 2193 Aegyptii,
532 2131 592 2174 non
608 2131 650 2174 se.
666 2131 770 2175 omnes
784 2131 905 2175 menses
921 2132 1017 2193 agere
1028 2112 1216 2189 tricenarios,
1236 2113 1295 2175 hoc
1311 2113 1390 2175 euim
1405 2118 1503 2193 paeto
1519 2134 1522 2174 ι

228 2208 356 2286 possent
370 2200 502 2265 conflare
518 2203 538 2263 2
554 2218 674 2263 εισεεσσ
689 2201 918 2277 intercalarios3
942 2202 1051 2284 quippe
1066 2221 1134 2266 cum
1148 2202 1299 2285 Aegypti,
1322 2203 1372 2283 qui
1394 2202 1522 2265 tricenas

227 2306 332 2357 omnes
354 2296 465 2371 agunt,
488 2308 548 2352 εοε
571 2291 704 2353 conflent
724 2291 827 2371 plures
849 2310 939 2372 quem
961 2291 981 2354 5
998 2292 1064 2356 εισι
1087 2293 1243 2356 addendos
1263 2292 1296 2356 ἰε
1316 2293 1376 2360 fine
1397 2291 1474 2357 anni
1489 2311 1522 2355 σι

114 2374 116 2379 ’
229 2398 385 2445 numerum
399 2379 546 2442 mensium
562 2379 754 2442 ordinarium.

315 2468 379 2532 Sed
395 2469 523 2546 dixeris,
545 2468 603 2531 hoc
618 2477 710 2550 pacto
726 2467 793 2531 dies
807 2469 919 2532 mensis
932 2488 1004 2533 raro
1018 2489 1218 2551 responsuros
1237 2428 1362 2546 Iunas,
1371 2471 1494 2533 statim
1500 2490 1522 2534 σι

169 2621 171 2626 ⁴
228 2566 307 2642 post
317 2565 444 2624 exactos
465 2558 510 2621 25
522 2576 643 2621 εισεσσε
664 2559 696 2621 ἰε
711 2558 858 2639 principio
874 2559 945 2621 anui
967 2560 1058 2623 tertii
1066 2559 1174 2622 Lunae
1198 2579 1295 2624 novae
1315 2559 1423 2624 diebus
1442 2561 1481 2622 11
1500 2579 1522 2622 e

188 2670 189 2673 ¹
227 2649 379 2730 gabuntur
395 2669 414 2710 a
430 2646 494 2722 εἰσ,
516 2647 565 2729 qui
587 2668 608 2710 a
621 2648 774 2712 novilunio
796 2643 1015 2712 denominatur.
1065 2648 1261 2731 Respondeo,
1282 2651 1340 2714 hoo
1355 2668 1416 2712 nou
1431 2668 1522 2711 esse.

229 2738 352 2802 surdum
368 2737 405 2801 ds
420 2737 552 2800 vetustis
568 2735 697 2800 Graecis
712 2737 850 2813 credere3
875 2734 985 2800 chusae
1007 2739 1146 2804 dioeutur
1167 2738 1458 2803 inconsideratione
1481 2746 1522 2801 tei

229 2827 396 2900 mouiorum
411 2827 608 2909 sequentium
638 2827 728 2892 Nunc
742 2827 801 2890 hoo
816 2827 914 2890 solum
930 2826 1007 2905 dico,
1021 2828 1118 2892 videri
1131 2828 1191 2898 boc
1204 2830 1298 2892 etiam
1312 2829 1408 2910 ipsius
1422 2828 1522 2892 Hero<

205 2953 207 2960 ·
227 2917 294 2980 loeo
311 2922 562 2991 consentaneum,
585 2916 656 2978 dum
671 2915 783 2990 innuit,
804 2915 977 2998 Aegyptios
1000 2924 1088 2980 tanto
1104 2918 1206 3000 aptius
1221 2920 1322 2982 facere
1336 2925 1370 2981 et
1383 2918 1522 3002 prudent

227 3005 308 3088 quod
329 3024 433 3068 ornnes
454 3024 576 3068 menses
597 3012 703 3085 agant,
715 3006 912 3081 tricenarioe;
936 3007 1022 3088 quasi
1041 3007 1143 3082 dicat,
1166 3016 1311 3090 utrosque
1333 3007 1455 3089 quidem
1469 3013 1522 3089 typ

175 3170 180 3175 Α
227 3095 299 3159 anni
314 3113 368 3158 seu
383 3112 537 3157 numerum
553 3094 667 3158 dierum
682 3095 795 3157 mensis
811 3095 972 3159 deduxisse
989 3117 1008 3159 a
1022 3097 1154 3159 motibus
1163 3096 1268 3168 Lunae
1285 3100 1370 3169 (nam
1385 3118 1404 3158 a
1420 3097 1522 3159 trices

227 3185 290 3248 tere
307 3183 354 3247 εἰσ
370 3183 473 3266 pingui
487 3184 627 3247 Minerva
641 3184 729 3247 Luna
744 3185 909 3248 revertitur
923 3185 964 3248 ad
979 3184 1090 3262 Solem,
1106 3194 1139 3249 et
1154 3187 1300 3251 exactiori
1315 3186 1432 3251 calculo
1448 3185 1493 3250 59
1511 3187 1522 3249 i

226 3274 283 3337 bus
299 3272 378 3336 duae
395 3273 528 3336 condunt
542 3266 757 3354 Lunationes),
772 3280 807 3337 at
820 3274 956 3356 utrisque
972 3281 1075 3338 ιεεισε
1090 3295 1129 3338 ex
1142 3295 1240 3359 aequo
1256 3278 1443 3358 contingere,
1457 3283 1497 3339 ut
1512 3276 1523 3339 i

226 3363 373 3425 mensium
395 3361 517 3425 aLuna
531 3363 689 3441 aberrent,
712 3363 792 3445 quod
814 3377 881 3427 σεει
896 3364 938 3426 sit
960 3365 1095 3429 omniuo
1091 3367 1337 3442 concedendum,
1358 3366 1522 3449 praestabi

230 3470 306 3533 ergo
319 3471 396 3526 esse,
411 3460 446 3515 ut
461 3452 615 3515 tricenarii
631 3458 761 3533 agantur
775 3472 895 3516 menses
912 3472 1016 3517 omnes
1031 3454 1083 3517 hc.

319 3537 356 3620 2)
374 3539 532 3604 Secundus
549 3549 656 3605 auctor
671 3543 827 3606 aPetavio
842 3543 1008 3623 productus
1024 3551 1074 3609 eet
1083 3542 1237 3608 Geminus.
1262 3542 1298 3608 Si
1312 3516 1437 3625 phrasis
1453 3504 1522 3608 Gen

151 3624 154 3634 ’
231 3648 372 3706 ,menses
388 3626 552 3693 secundum
566 3631 685 3694 Lunam
698 3631 809 3712 agere“
827 3639 973 3713 urgeatur
986 3634 1181 3714 pertinacius,
1197 3640 1382 3716 sequeretur,
1403 3641 1442 3696 ut
1455 3641 1522 3698 vers

227 3717 482 3782 correctissimum
500 3719 663 3784 habuerint
685 3720 898 3787 calendarium
912 3722 1049 3798 Lunare,
1071 3741 1165 3804 eoque
1187 3743 1247 3786 uon
1269 3724 1360 3787 fuerit
1380 3742 1458 3804 opus
1474 3742 1522 3788 eor

227 3808 465 3883 successoribus,
480 3809 512 3871 id
526 3810 695 3874 emendare.
725 3811 858 3874 Primum
873 3829 946 3893 ergo
963 3812 1039 3886 dico,
1054 3814 1217 3894 consequi,
1233 3813 1259 3876 si
1272 3813 1463 3896 propositum
1478 3814 1522 3877 hs

227 3905 334 3971 erunt,
363 3916 483 3961 menses
506 3900 672 3964 secondum
692 3900 811 3962 Lunam
835 3919 944 3982 egere,
967 3908 1002 3964 ut
1022 3908 1187 3983 propterea
1210 3903 1304 3966 etiam
1328 3915 1433 3966 omnes
1456 3921 1522 3966 meu

227 3987 392 4051 secundum
406 3987 524 4051 Lunam
539 3989 666 4071 egerint.
698 3989 909 4054 (lentissimum
924 3991 1003 4053 euim
1019 3999 1077 4066 eet,
1098 3993 1164 4054 dies
1178 3993 1326 4058 mensium
1342 4014 1361 4054 a
1375 3992 1484 4055 Lunae
1498 4011 1521 4075 p

225 4073 309 4148 sibus
332 4077 559 4158 cognominibus
582 4080 756 4160 frequenter
778 4079 979 4160 discrepasse.
1022 4079 1164 4157 Secundo
1181 4081 1263 4158 dico,
1285 4082 1378 4145 etiam
1399 4082 1522 4144 vades

184 4223 186 4230 ,
226 4165 390 4230 σσσεεεεει
404 4165 522 4229 Lunam
537 4167 587 4247 agi
601 4186 701 4248 posse.
726 4169 797 4231 Non
812 4175 931 4231 tantm
945 4169 1025 4232 enim
1040 4177 1112 4234 tunc
1129 4172 1293 4235 εσσεεεεει
1301 4172 1420 4235 Lunam
1436 4188 1522 4252 aguu

226 4273 293 4319 cunr
314 4255 380 4318 dies
402 4256 543 4319 numenio
561 4256 645 4319 dicta
665 4275 775 4320 novam
797 4258 893 4321 babet
911 4259 1044 4341 Lunam,
1067 4261 1121 4323 sed
1145 4262 1238 4323 etiam
1259 4269 1347 4336 σεεσ,
1372 4278 1441 4323 cumr
1462 4278 1522 4324 mer

225 4344 340 4408 εεεείἰε
350 4344 478 4408 sortitur
493 4345 711 4450 longitudinem
726 4346 874 4411 lunatioui
883 4349 1019 4429 proxime
1029 4351 1195 4431 aequalem,
1210 4359 1253 4426 ut,
1262 4352 1522 4434 εεσσσεεεεσρει

202 4433 332 4518 ‘Lunae
352 4433 474 4498 videtur
495 4435 543 4498 die
559 4436 662 4516 prima
677 4437 802 4511 mensis,
825 4437 933 4500 eadem
952 4456 1056 4501 mense
1078 4444 1189 4502 exacto
1212 4447 1386 4504 revertatur
1407 4440 1504 4502 etiam

225 4508 346 4606 quentia
367 4524 480 4587 mensis
497 4525 545 4588 εἰσ
561 4527 659 4606 prima
675 4520 758 4606 (Pet
774 4526 798 4602 1,
815 4520 881 4607 15).
913 4524 994 4599 Quin
1017 4528 1111 4591 etiam
1132 4527 1207 4594 illud
1222 4538 1287 4606 est,
1310 4529 1375 4593 dies
1401 4536 1440 4591 et
1458 4548 1522 4592 mer

227 4614 390 4677 secundum
404 4613 523 4679 Lunam
538 4634 640 4697 agere,
661 4617 780 4698 quando
796 4633 865 4678 eum
879 4617 910 4679 ἰε
925 4633 1048 4691 εισισει,
1064 4635 1122 4700 quo
1137 4618 1225 4682 Luna
1241 4620 1353 4684 σισεσίε
1368 4625 1402 4682 st
1417 4618 1522 4682 deeras

226 4701 320 4766 stiam
342 4696 409 4765 dies
430 4705 559 4780 mensis,
580 4704 717 4767 initiales
732 4704 864 4792 quidem,
887 4714 1028 4770 crescunt
1042 4726 1182 4783 numero,
1203 4709 1310 4773 finales
1327 4709 1522 4773 εσσισισεεί

226 4791 347 4876 quaudo
364 4800 467 4858 certae
483 4793 549 4859 dios
563 4794 689 4913 mensis
687 4814 714 4859 a
729 4794 822 4862 certis
834 4794 982 4879 phasibus
998 4796 1243 4876 denominantur,
1255 4808 1300 4865 ut
1313 4799 1367 4864 illa
1384 4799 1510 4865 dicatm
