3134 5482
540 209 648 274 Eulogae
673 209 816 259 chronica.
969 246 971 250 -
1194 239 1200 252 ,
1271 211 1334 270 tlt·

27 384 132 449 Martii
155 381 221 447 fixo
243 380 357 448 tribuit
378 381 575 466 Epiphanius
598 384 698 464 (circa
718 379 971 447 annum'Chr'ati
985 382 1076 461 too.)
1096 381 1193 447 etiam
1209 383 1333 469 06666·
1422 420 1424 424 ,

27 470 155 538 lucibus
185 477 219 535 et
246 470 409 553 plerisque
438 470 511 537 aliis
538 492 597 554 per
624 473 743 550 Asiam,
776 470 911 535 eandem
939 469 1061 548 Paulus
1083 470 1335 555 bliddelburgius

27 559 179 627 adscribit
200 557 357 625 veteribus
379 559 512 624 Graecis
532 565 565 624 et
587 560 719 624 Nicetes
740 559 928 624 nominatim
948 559 1105 625 61166616
1125 560 1335 627 etMontanis
1518 586 1522 594 ·

27 650 51 714 ἰι
72 650 165 716 Asia
208 646 309 729 Atqui
330 648 447 712 scimus
469 668 509 713 ax
530 647 707 729 Evangelio,
731 647 892 712 Christum
913 667 983 713 esse
1005 647 1161 715 traditum
1180 670 1218 715 es
1232 657 1334 732 nocte,

27 757 107 822 quae
129 738 278 819 sequitur
298 735 408 808 feriam
430 737 575 819 quintam
597 757 654 801 seu
670 734 864 814 61661666,
887 737 1100 803 resurrexisse
1114 737 1165 801 616
1180 738 1336 804 dominica

26 848 79 891 sen
110 825 191 890 feria
219 824 335 909 prima,
365 825 470 908 prima
496 824 724 890 sabbathornm
751 824 801 890 vel
828 821 1334 910 6168611611166666666661·

26 915 174 993 serimus,
197 934 260 996 quo
283 933 366 978 anno
384 912 512 979 iuliano
536 918 587 980 26.
604 913 713 978 Martii
728 912 894 978 inciderit
886 934 920 977 ιι
935 912 1018 979 diem
1027 914 1243 994 dominicam,
1250 917 1336 996 quod

26 1023 196 1087 possumus
216 1001 321 1081 166116,
349 1023 424 1067 cum
445 1002 541 1070 series
563 1022 722 1066 annorum
742 1002 947 1066 Julianorum
967 1002 1041 1066 inde
1063 1001 1189 1070 abillis
1212 1010 1334 1090 tempo·
1444 1025 1448 1042 ·

26 1090 115 1156 ribus
144 1090 189 1155 ad
210 1111 268 1156 uos
290 1111 393 1174 usque
415 1091 483 1155 sine
505 1088 744 1173 perturbatione
766 1097 893 1155 servata
914 1090 1021 1169 fuerit,
1048 1095 1081 1155 et
1102 1112 1168 1156 non
1189 1092 1337 1159 obstante

26 1179 229 1263 Gregoriana
255 1179 381 1243 ratione
403 1178 509 1244 adhuc
523 1183 619 1266 juxta
640 1186 795 1259 servetur,
825 1170 1019 1244 inveniemus
1042 1200 1105 1244 non
1129 1184 1181 1263 78.
1204 1182 1262 1246 666
1285 1186 1338 1246 76

26 1267 204 1333 Julianum.
248 1267 1340 1350 636016616666666116666611661666116116667666661

26 1357 120 1423 bodie
143 1362 296 1440 putamus
320 1360 372 1420 78.

115 1444 158 1510 11.
196 1447 232 1510 A
261 1444 312 1509 616
341 1443 385 1509 ad
413 1464 534 1511 annum
560 1464 671 1509 snmus
692 1444 922 1526 argumentati:
952 1444 1122 1509 audiamus
1143 1465 1227 1513 nunc
1249 1449 1339 1513 testi·

26 1533 137 1599 monia
160 1532 201 1597 de
223 1553 308 1599 anno
329 1532 410 1618 ipso.
455 1532 593 1616 Igitur
584 1555 617 1598 ιι
639 1532 770 1599 Tabulis
792 1531 925 1597 Calend.
948 1532 1085 1598 Romani
1111 1534 1340 1616 antiquissimis

27 1624 99 1687 66
90 1644 125 1687 m
157 1620 316 1687 Chronico
344 1620 453 1688 Siculo
483 1621 626 1687 Christus
656 1621 772 1688 dicitur
793 1639 908 1702 passus
929 1621 1101 1688 indictione
1121 1619 1173 1700 IV,
1197 1625 1285 1706 quod
1307 1633 1341 1690 et

27 1711 194 1776 Cedrenus
216 1710 370 1792 sequitur,
393 1716 431 1775 ιι
451 1710 555 1776 Beda:
577 1729 654 1792 ergo
674 1729 758 1775 anno
779 1708 1064 1790 1617666678,
1083 1709 1341 1795 Christirulgari

28 1804 81 1864 31.
105 1821 173 1864 non
197 1802 250 1863 38.

117 1886 178 1954 ΙΠ.
222 1885 330 1951 Julius
352 1885 525 1953 Africanus-
543 1885 594 1968 (66
609 1885 707 1952 refert
721 1883 877 1952 Eusebius
893 1889 957 1950 300
966 1886 1064 1952 vanais
1079 1892 1152 1970 post
1168 1886 1342 1971 Christum)

28 1977 215 2060 passionem
254 1975 427 2059 adscripsit
463 1974 505 2040 66
543 1995 664 2040 annum
703 1978 732 2040 2.
764 1974 890 2058 01666.
919 1973 1015 2053 0οΠ,
1053 1997 1118 2041 non
1147 1977 1190 2043 ad
1221 1984 1251 2044 4.
1274 1983 1343 2064 ejus

26 2086 168 2130 annum:
214 2084 289 2146 ergo
311 2063 354 2127 66
378 2066 429 2127 76.
451 2062 630 2143 sulianum,
649 2083 715 2128 non
736 2063 854 2131 6678.
892 2063 962 2133 Etsi
976 2064 1152 2130 carendum
1171 2065 1233 2146 hic,
1255 2067 1343 2149 quod

28 2155 180 2238 plerique
207 2158 350 2217 reternm
373 2152 564 2235 Olympiada
591 2151 745 2218 inchoant
773 2173 840 2217 non
866 2172 887 2216 a
917 2151 1118 2233 61616616ι1,
1149 2088 1279 2220 sedbel
1300 2156 1343 2222 ab

27 2239 301 2328 Hypmberetaeo,
331 2240 382 2305 rel
403 2238 611 2318 adouacrio,
635 2239 685 2305 rel
706 2257 728 2305 ι
749 2241 862 2319 111666,
891 2241 1151 2308 antecedentibus
1172 2243 1342 2324 ludicrum,

28 2352 95 2413 qua
127 2330 254 2395 ratione
278 2329 403 2412 pascha
432 2328 508 2394 anni
536 2287 661 2394 duliiani
691 2334 743 2395 78.
774 2289 897 2395 66611
889 2350 924 2393 m
953 2349 1073 2395 annum
1105 2338 1133 2397 l
1164 2331 1257 2416 Olym
1257 2334 1343 2417 6166.

29 2416 143 2497 CCIII,
166 2417 224 2483 sed
245 2418 365 2500 pascha
384 2415 506 2483 1611661
528 2416 712 2481 666176.
704 2439 737 2485 ιι
758 2439 880 2483 annum
903 2423 934 2482 3
950 2353 1363 2506 016660011111666·

28 2508 203 2574 Africanus
224 2507 287 2572 hoc
305 2505 430 2572 modo
422 2527 455 2570 ιι
478 2526 587 2570 eorum
606 2506 1112 2592 661ι66666166616166ι116661
1127 2530 1226 2574 unum
1241 2512 1345 2578 solum

28 2616 154 2662 annum
176 2601 209 2659 st
229 2594 327 2679 paulo
350 2594 428 2677 quid
449 2595 587 2676 amphus
605 2594 782 2661 ministerio
798 2594 1087 2727 01616116116661,
1111 2597 1225 2681 quibus
1239 2601 1345 2723 passio

29 2684 149 2751 66611
140 2705 177 2748 ιι
196 2683 363 2748 lulianum
385 2687 437 2749 76.

119 2772 177 2839 11.
223 2771 462 2854 hieronymus
453 2793 488 2836 m
509 2767 655 2838 Chronici
674 2724 848 2837 Eusebiani
861 2718 1075 2837 translations
1090 2773 1218 2841 omnino
1232 2775 1347 2842 tribuit

30 2862 217 2946 passionem
239 2859 358 2926 Christi
378 2859 509 2927 Juliano
530 2863 582 2925 76.
598 2866 731 2939 66678,
755 2865 792 2924 ut
806 2859 938 2925 dubium
953 2861 1133 2927 nullumt
1091 2869 1143 2942 ιιι,
1158 2864 1198 2927 in
1213 2863 1347 2929 Graecis

31 2949 167 3016 Ensebii
196 2948 382 3032 fragmentis
412 2969 433 3014 a
455 2948 617 3031 Scaligero
648 2948 742 3013 editis
763 2947 944 3033 sphalmata
966 2949 1098 3017 librario
1120 2912 1255 3017 lbealam
1275 2961 1344 3018 tra·

27 3040 204 3125 jectionem
226 3058 294 3102 esse
315 3037 435 3103 iactam
457 3044 589 3103 asarta
612 3058 695 3103 anno
720 3041 772 3102 76.
794 3038 827 3103 in
849 3057 970 3105 anuum
994 3043 1044 3116 77,
1068 3039 1156 3124 qnod
1176 3062 1241 3106 non
1261 3041 1344 3107 diiii·

32 3128 137 3193 culter
160 3127 370 3193 concesserint
390 3124 567 3191 adremarii
588 3126 659 3206 mei,
683 3125 800 3209 quibus
822 3147 886 3192 non
899 3147 1009 3199 annus
1025 3133 1042 3190 7
1048 3133 1077 3195 7
1092 3129 1147 3194 sed
1163 3134 1214 3195 78.
1229 3131 1346 3214 616666.

123 3214 161 3279 1.
206 3215 321 3281 Exstat
350 3214 437 3298 apud
467 3214 605 3280 Paulum
627 3214 775 3281 Orosium
795 3214 940 3295 historia,
970 3236 1068 3298 quam
1089 3217 1249 3283 Pamalius
1271 3220 1347 3285 Ter·

31 3304 173 3369 tulliano
204 3310 236 3366 et
265 3303 424 3386 plerisque
452 3302 614 3371 historicis
634 3303 754 3368 tribuit
779 3309 812 3367 et
834 3307 925 3389 auJus
947 3310 1073 3388 partem
1094 3307 1191 3371 etiam
1207 3306 1347 3392 Chryso·

32 3402 159 3460 stomin
192 3398 226 3457 et
245 3390 405 3456 Eusebius
427 3396 605 3456 recensent:
637 3411 710 3457 cum
731 3392 854 3460 Pilatus
881 3393 924 3458 66
946 3392 1106 3460 Tiberium
1126 3395 1291 3462 retulisset
1309 3398 1348 3464 66

31 3484 79 3561 ιιι,
113 3500 203 3563 quae
230 3500 303 3544 cum
325 3480 451 3551 0161616
478 3479 670 3558 acciderant,
694 3471 852 3546 Tiberium
873 3481 1008 3548 ulterius
1027 3483 1073 3548 66
1095 3491 1242 3550 senatum
1255 3493 1348 3554 Ι·ιιιιι

32 3572 117 3649 11666,
152 3574 198 3633 ut
216 3567 362 3635 Christus
390 3570 475 3635 inter
500 3568 585 3635 Deos
612 3570 823 3652 reciperetur,
854 3571 979 3636 Aelium
1005 3591 1082 3639 vero
1102 3570 1254 3659 Sejanum
1275 3575 1349 3641 huie

33 3659 154 3724 rationi
185 3659 338 3722 acerrime
368 3658 462 3721 restit
462 3658 534 3722 isse.
587 3658 688 3739 Atqui
715 3677 800 3721 anno
830 3657 961 3725 Juliano
994 3663 1045 3726 76.
1076 3596 1184 3727 Aelihs
1215 3659 1349 3748 Sejanus

33 3769 106 3814 oum
131 3743 255 3814 Tiberio
278 3745 397 3824 consul,
420 3763 529 3810 mense
550 3743 722 3811 Novembri
742 3744 871 3828 publico
893 3747 1050 3832 supplicio
1071 3750 1257 3816 interemtus
1275 3752 1348 3817 1611.

35 3835 183 3902 ilistoria
205 3854 280 3915 ergo
300 3834 366 3901 ista
387 3854 452 3900 non
472 3834 578 3917 potuit
599 3834 743 3900 accidere
762 3833 829 3900 Jul.
854 3837 904 3914 78,
928 3856 989 3901 nec
1011 3839 1137 3904 omnino
1159 3844 1233 3920 post
1255 3846 1340 3907 76

84 3922 181 3989 Vl.
219 3922 282 3995 His
304 3942 503 4004 consequens
518 3930 575 4001 est,
598 3929 635 3986 ut
654 3943 759 3988 annus
773 3924 929 3990 secundus
945 3924 1127 4013 0166611616
1142 3927 1350 3995 duodecimus

34 4034 54 4078 6
76 4013 236 4099 passione.
282 4010 435 4079 Claudius
456 4012 538 4076 enim
558 4010 665 4096 eoepit
684 4009 814 4078 Juliano
834 4015 895 4093 663
926 4033 1002 4095 ergo
1024 4035 1128 4124 annus
1149 4020 1202 4080 87.
1224 4021 1274 4083 ert
1298 4022 1348 4084 12.

33 4102 75 4168 ab
97 4122 187 4167 anno
212 4105 264 4165 76

124 4189 327 4255 0666661666
352 4193 465 4255 antem
495 4185 639 4252 historici
668 4207 788 4254 annum
822 4190 1189 4274 respersionem
1210 4199 1349 4260 annot.

35 4278 172 4345 Claudii.
217 4275 301 4342 Nam
322 4276 433 4342 divisio
455 4278 557 4359 Apost
544 4275 713 4342 t'olorum
705 4298 738 4341 ιι
761 4279 942 4343 universum
962 4277 1117 4344 orbem
1092 4302 1160 4345 srne
1175 4283 1349 4349 variatione

34 4367 231 4434 adscribitur
263 4385 348 4429 anno
379 4368 408 4430 2
436 4363 571 4443 0166611,
598 4365 651 4430 616
681 4367 849 4432 1616111
898 4370 943 4433 At
969 4368 1101 4435 traditio
1128 4371 1216 4453 antiq
1219 4372 1351 4438 ιιιιιιιιι

35 4466 97 4536 est,
140 4458 231 4538 cujus
272 4435 385 4518 testem
424 4416 597 4519 116666616
628 4454 803 4535 Martyrem
834 4455 967 4520 adducit
995 4458 1184 4540 Apollonius
1196 4392 1351 4543 qscriptor

34 4547 191 4628 antiquus
221 4541 329 4625 6666
339 4540 525 4619 Eusebium,
557 4563 654 4624 quam
686 4544 783 4608 etiam
813 4545 1079 4646 Martyrologium
1108 4548 1288 4613 Romanum
1317 4556 1352 4613 et

36 4634 183 4702 (16166166
209 4631 300 4714 Papa
329 4630 488 4698 referunt:
522 4630 628 4697 Christ
614 4640 695 4697 tum
710 4634 910 4716 praecepisse
936 4635 1107 4718 Apostolis‚
1135 4656 1177 4700 ne
1202 4643 1280 4702 ante
1310 4640 1350 4701 lt

34 4744 136 4789 annos
158 4719 365 4802 Jerosolymis
393 4720 476 4783 inter
502 4725 575 4801 gent
578 4740 611 4783 es
637 4720 852 4804 dispergerent
855 4743 906 4800 ιτς
936 4743 1036 4804 eoque
1056 4722 1128 4790 11166
1149 4731 1351 4809 exspectasse
