3112 5474
30 1097 274 1262 iambico,
306 1095 628 1211 Nobilissimo
665 1035 1142 1233 Consultissimoque
1176 1095 1311 1228 Viro,

258 1301 346 1409 Ι).
388 1298 673 1408 Tobiae
715 1297 1048 1408 sculteto

30 1493 256 1578 lebregoschiz
277 1499 309 1558 et
330 1491 529 1572 Svanensee,
551 1488 762 1558 haereditario
783 1493 816 1558 in
838 1491 1032 1572 Hirschfeld,
1055 1490 1085 1556 J.
1110 1491 1150 1556 U.
1172 1491 1314 1570 Doctori,

30 1582 145 1666 laesarei
166 1601 286 1667 Palatii
313 1599 444 1665 Comiti:
466 1619 587 1664 sacrae
618 1620 719 1683 nuper
733 1599 935 1680 Caesareae,
966 1620 1048 1664 nunc
1077 1598 1172 1662 etiam
1199 1597 1315 1681 Regiae

30 1707 179 1793 lajestatis
192 1696 389 1785 Consiliario,
412 1698 543 1789 fisaique
565 1706 643 1789 regii
663 1725 721 1789 per
736 1705 877 1771 Silesiam
900 1698 932 1770 et
954 1706 1117 1787 Lusatiam
1138 1704 1315 1770 inferiorem

295 1811 448 1892 Patrono,
471 1811 603 1878 Fautori
626 1833 695 1877 meo
717 1810 1018 1877 benevolentissima.

315 1955 319 1971 ·
385 2004 551 2088 Magnifice
574 2004 839 2090 Nobilissimeque
861 2006 929 2071 Vir;

89 2149 164 2214 Post
193 2146 375 2213 conflictum
412 2147 495 2212 hunc
524 2148 746 2231 gravissimum
783 2150 1029 2234 uniuscujusque
1057 2143 1227 2227 nostrum,
1263 2147 1318 2230 qui
1442 2209 1446 2224 ,

30 2243 234 2302 sacramentum
254 2237 334 2320 Imp.
348 2236 438 2301 Caes.
456 2236 616 2320 Rudolphi
627 2238 668 2302 ll.
681 2238 703 2302 l.
721 2260 775 2317 m,
798 2260 899 2322 nuper
910 2238 1057 2323 humanis
1080 2236 1172 2302 rebus
1194 2238 1318 2315 exemti,

30 2344 67 2388 suo
88 2328 218 2410 quisque
244 2324 313 2390 loco
340 2326 439 2389 secuti
468 2347 577 2390 sumus
605 2347 676 2390 cum
703 2325 842 2392 fortuna
865 2326 1008 2411 publica,
1044 2348 1108 2409 qua
1136 2327 1198 2391 duo
1221 2348 1319 2409 regna

30 2412 193 2480 nobilissima
216 2434 375 2497 regnoque
397 2435 461 2478 non
483 2415 585 2479 minor
604 2414 838 2487 Archiducatus
857 2415 1007 2481 lustriae
1029 2415 1190 2490 dominum
1212 2423 1316 2481 muta·

30 2509 96 2582 runt,
117 2524 181 2587 qua
204 2503 375 2568 Germania
393 2503 591 2587 Imperatore
602 2502 828 2584 Romanorum,
854 2503 1052 2568 Clnistianus
1075 2503 1161 2571 orbis
1173 2504 1319 2588 Principe

30 2592 129 2672 amasa,
151 2592 382 2676 Imperatorem
394 2597 425 2655 et
436 2591 614 2675 Principem
636 2592 733 2656 alium
748 2591 960 2658 nonobscura
981 2597 1088 2657 tamen
1111 2588 1320 2658 destinatione
1448 2645 1451 2652 ,

30 2678 268 2765 circumspiciunt,
292 2686 463 2763 postquam
486 2701 525 2744 ex
539 2680 679 2745 tumultu
701 2702 827 2766 pugnae
850 2701 907 2746 nos
929 2679 1138 2764 recolligendi,
1162 2681 1320 2746 exlabore

30 2768 239 2834 atemoribus
266 2768 458 2853 respirandi,
492 2789 531 2832 ex
563 2768 692 2854 pulvere
722 2768 906 2855 respiciendi
935 2776 1059 2854 tempus
1091 2769 1204 2850 datur:
1240 2791 1320 2835 cura

30 2857 115 2923 nerito
137 2857 233 2923 duces
256 2863 288 2922 et
309 2856 441 2938 milites,
473 2879 550 2922 cura
580 2865 733 2943 patronos
761 2865 793 2924 et
815 2858 943 2923 clientes
964 2858 1101 2936 incessit,
1126 2878 1193 2922 sese
1219 2858 1317 2925 inter'·

30 2946 167 3024 noscendi,
199 2967 264 3030 qua
287 2947 422 3029 quisque
448 2944 578 3010 fortuna
607 2946 701 3012 fuerit
723 2969 801 3012 usus
830 2946 1047 3029 interrogandi
1068 2946 1265 3030 salutemque
1286 2954 1319 3012 et

30 3029 248 3099 ucolumitatem
269 3034 401 3100 invicem
423 3033 616 3119 gratulandi.
662 3037 705 3102 Et
726 3042 760 3101 te
782 3035 908 3120 quidem
931 3035 1067 3118 digrritas
1088 3036 1159 3120 ipsa
1180 3037 1320 3101 muneris

30 3124 160 3189 ronmmsi
186 3122 335 3188 membris
363 3124 440 3208 reip.
465 3122 631 3189 Silesiacae
658 3125 702 3190 sic
723 3125 879 3204 innexuit,
907 3131 944 3189 ut
965 3146 1022 3190 nec
1051 3124 1126 3188 mali
1153 3125 1230 3207 quid
1252 3126 1320 3210 pati

30 3213 142 3290 mtuens
165 3211 313 3278 ineolumi
324 3213 441 3296 patria,
463 3233 521 3277 nec
531 3213 681 3299 ignorari,
705 3215 944 3296 quamvisnunc
960 3212 1083 3293 absens,
1106 3215 1319 3297 amepossis:

30 3317 62 3362 ne
78 3322 165 3381 vero,
193 3300 248 3384 qui
269 3300 390 3365 nullam
413 3301 490 3385 reip.
513 3307 639 3385 partem
668 3303 808 3390 attingo,
838 3324 911 3367 aum
933 3302 1120 3387 Rudolphus
1149 3303 1218 3387 ipse
1239 3304 1319 3387 Imp:

30 3386 91 3456 tm.
113 3411 186 3455 cum
213 3396 307 3474 parte
337 3391 522 3454 meritorum
551 3410 693 3455 meorum
720 3390 762 3456 ad
790 3413 904 3456 munus
931 3391 989 3456 tibi
1021 3391 1174 3456 creditum
1201 3394 1322 3458 remisit

30 3490 155 3563 numque
179 3478 324 3543 clientem
335 3478 419 3557 lecit,
443 3485 683 3543 tumverovoce
693 3479 984 3560 instruxitnatura,
1007 3480 1321 3564 quainterpalautes

30 3569 230 3632 unmilitones
252 3566 395 3631 exaudiri
417 3567 599 3651 requirique
622 3589 757 3652 possem,
780 3590 820 3633 na
842 3567 937 3633 clieus
959 3576 1142 3653 apatrono,
1165 3569 1330 3652 plurima-3

30 3670 77 3720 un
97 3677 203 3721 rerum
215 3655 392 3738 provisione
411 3655 575 3734 distracto,
598 3656 782 3739 negligerer.
815 3656 963 3740 Adeoque
976 3656 1085 3721 lubens
1108 3657 1252 3741 equidem
1262 3658 1322 3722 hoo

30 3743 164 3811 elabora
187 3744 307 3808 diutius
330 3744 506 3827 inquirendi
522 3742 697 3810 dehoctuo
719 3745 831 3810 cliente
853 3743 991 3835 sublevo,
1014 3745 1204 3830 sublataque
1219 3746 1322 3812 altum

30 3843 78 3897 'oce
97 3832 256 3917 significo,
286 3852 336 3896 me
358 3834 459 3897 vivere
480 3832 583 3898 adhuc
612 3835 734 3918 superis
758 3841 789 3899 et
811 3835 927 3910 vescier
954 3835 1058 3913 auris;
1086 3856 1187 3918 neque
1208 3841 1319 3919 pano,-

30 3913 83 3988 ino
104 3922 309 4000 renunciare,
337 3922 480 4004 quamvis
503 3922 609 4003 Praga
636 3943 718 3986 nunc
741 3918 882 3987 lineium
904 3929 1080 4001 transeam,
1108 3924 1190 4005 regis
1212 3924 1320 4008 auspi·

30 4009 153 4076 atissimi
175 4031 327 4075 concessu
345 4010 542 4096 Maecenates
564 4009 626 4074 illic
648 4010 815 4076 habiturus
833 4011 973 4076 illustres
995 4011 1145 4077 Prooeres
1162 4013 1322 4091 Austriae,

30 4089 203 4184 iusdemque
225 4099 342 4181 Regiae
364 4099 540 4184 Majestatis
563 4099 719 4182 stipendia
736 4104 831 4186 Juxta
853 4101 1035 4164 meriturus.

89 4190 194 4275 Hujus
217 4208 290 4252 vero
313 4188 397 4251 vocis
412 4208 500 4251 meae
522 4188 672 4251 nuncium
690 4208 758 4254 esse
776 4189 856 4274 jussi
876 4187 1016 4272 ‘libellum
1038 4187 1322 4272 huncEclogarum

30 4260 242 4356 hronicarum,
266 4297 338 4340 cum
353 4282 389 4340 ut
410 4275 601 4360 promissum
619 4297 724 4340 meum
746 4299 901 4362 nuperum
923 4276 1138 4361 adimplerem,
1161 4285 1229 4343 turn
1249 4300 1322 4343 vero

30 4369 147 4446 axime,
163 4372 201 4429 ut
218 4363 288 4430 Tibi
303 4371 513 4448 patronorum
536 4385 678 4435 meorum
701 4387 764 4430 non
784 4373 944 4454 postremo
966 4386 1086 4450 perque
1097 4366 1141 4430 Te
1151 4366 1322 4432 lectoribus

30 4447 112 4520 teris
135 4454 294 4519 rationem
315 4452 478 4518 redderem
500 4453 653 4538 temporis
676 4453 717 4518 ab
740 4454 873 4520 editione
891 4455 1197 4520 Commentariorum
1208 4457 1322 4521 Martis

30 4544 173 4623 ‘nsecuti
196 4543 229 4607 in
252 4563 316 4626 quo
338 4548 465 4625 praeter
487 4540 616 4627 publica
638 4542 724 4608 mala
746 4550 948 4627 terroresque
974 4543 1051 4623 loris
1079 4544 1322 4626 circumstantes

30 4641 96 4696 &ln
119 4631 249 4697 domum
271 4630 418 4716 privatim
440 4651 542 4696 meam
560 4651 625 4695 non
643 4652 742 4697 unum
764 4631 955 4699 calamitatis
973 4653 1071 4715 genus
1094 4633 1270 4716 pervasisse
1291 4640 1323 4699 et

30 4727 111 4784 ram
133 4720 238 4786 vidisti
260 4727 292 4784 et
314 4739 436 4783 meorum
456 4718 644 4802 ingemuisti.

85 4823 165 4875 [splen
179 4822 244 4875 ΟΜ
259 4822 292 4863 W·
1051 4829 1087 4878 24
1096 4830 1112 4860 θ
