3112 5474
204 261 268 332 286
498 249 500 251 ’
655 217 658 222 ’
704 254 931 332 nemausen
942 262 1041 340 mnu

199 427 295 489 ‘aliurn
303 425 532 507 praestiterunt
555 422 597 483 Ει
605 422 769 485 ratumhcc
777 424 909 503 ipsorum
913 423 1058 503 judicium
1067 424 1124 485 furit
1133 423 1213 505 apud
1221 416 1335 487 Patres
1350 429 1471 498 ceteros3
1484 442 1499 504 q
1516 416 1522 430 '

203 516 377 597 plerumque
392 513 556 577 Eusebium
572 512 611 574 ab
627 513 812 592 Hieronymo
827 532 956 586 versum,
973 520 1026 574 aut
1035 513 1198 575 Eusebium
1213 513 1312 593 ipsum
1325 512 1467 574 Graecum
1479 512 1524 573 suis

203 603 397 667 bibliothecis
412 602 589 675 intulerunt,
604 608 637 662 et
652 602 692 664 ad
707 601 764 663 hos
781 609 922 664 auctores
936 602 968 664 in
983 602 1138 666 laboribus
1154 604 1217 664 suis
1233 602 1523 683 ecclesiasticisque

200 694 263 756 'ties
278 696 351 755 usus
368 692 530 765 traferret,
551 696 743 753 recurrerunt
758 710 919 771 eorumque
935 692 1118 753 testimoniis
1132 693 1227 754 innixi
1244 699 1325 755 sunt.
1365 692 1470 772 lugens
1484 713 1526 753 un-

203 802 304 845 merus
321 789 370 844 est
385 799 504 854 eorum,
527 780 576 882 qui
591 780 717 842 Patmm
730 780 794 859 jam
811 780 960 842 dictorum
976 789 1111 843 aetatem
1127 782 1284 844 consecuti
1300 790 1391 855 sunt,
1413 788 1445 843 et
1456 782 1527 860 major

198 872 333 944 illorum,
348 869 398 952 qui
413 869 472 931 hoc
486 869 591 936 ultrmc
608 870 718 944 seculo,
734 889 824 950 quam
839 871 889 950 qui
900 869 1009 931 decem
1025 871 1228 951 superioribus
1243 872 1427 945 floruerunt;
1450 871 1529 951 quibus

206 960 344 1023 omnibus
360 959 439 1021 idem
451 958 611 1039 judicium,
632 958 711 1020 idem
727 959 757 1022 in
773 961 940 1040 temporum
957 960 1166 1022 emendatione
1187 960 1322 1022 studium
1339 961 1407 1023 fuit.
1441 958 1497 1022 Sed
1507 979 1531 1020 na

204 1050 293 1131 hujus
315 1049 461 1129 temporis
484 1047 633 1110 scribendi
655 1053 802 1126 κακοηθες
826 1051 891 1130 pro
911 1054 1122 1111 autoramento
1150 1055 1298 1111 statuam:
1330 1051 1364 1112 in
1386 1049 1480 1129 prima
1495 1049 1532 1110 itu

206 1140 309 1203 secula
331 1146 373 1213 te,
388 1140 493 1212 lector,
509 1138 612 1202 oculos
628 1139 714 1200 unice
730 1138 799 1200 volo
816 1146 993 1200 convertere
1009 1138 1194 1220 Patrumque
1210 1158 1286 1219 qnos
1303 1137 1437 1219 allegavi
1452 1156 1532 1198 exem

206 1229 289 1310 plum
309 1228 435 1290 intueri:
460 1246 498 1289 ex
520 1246 577 1308 quo
601 1226 716 1302 disces,
738 1247 798 1290 uon
821 1227 992 1290 curiositati
1017 1227 1187 1308 superfluae
1211 1228 1422 1302 tribuendum,
1443 1229 1481 1299 si,
1499 1227 1533 1306 qui

206 1317 330 1382 Christo
346 1317 436 1380 fidem
451 1316 545 1390 dedit,
561 1317 641 1378 omni
657 1317 767 1391 studio,
784 1318 867 1382 omni
877 1317 988 1379 mentis
999 1318 1064 1378 acie
1075 1317 1105 1378 in
1117 1318 1148 1378 id
1158 1318 1307 1391 elaborat,
1322 1324 1359 1379 ut
1375 1316 1533 1378 exhistori'n

205 1416 320 1470 certum
336 1424 447 1469 annum
463 1405 575 1479 eliciat,
591 1425 648 1486 quo
663 1414 756 1468 natus
772 1414 913 1469 servator
925 1406 1079 1469 hominum
1092 1408 1185 1469 Jesus
1202 1405 1356 1480 Christus,
1380 1425 1438 1487 quo
1452 1405 1533 1467 itidcu

206 1496 446 1582 sacratissimum
470 1512 579 1574 corpus
602 1514 690 1579 suum
711 1496 866 1557 victimam
887 1496 1006 1559 dederit
1031 1496 1232 1578 expiatoriam
1257 1515 1312 1577 pro
1336 1495 1434 1558 totius
1454 1493 1532 1556 mundi

205 1586 342 1668 peccatis
358 1584 593 1665 sanguinemque
610 1603 696 1645 suum
709 1585 886 1665 profuderit.
1270 1638 1272 1644 ,

292 1676 398 1756 Neque
422 1681 524 1735 tamen
546 1671 578 1734 id
600 1673 674 1735 solis
703 1681 840 1735 veterum
870 1674 1016 1754 exemplis
1045 1675 1127 1736 cerni
1149 1675 1253 1736 velim:
1293 1675 1367 1755 quin
1382 1681 1533 1753 suppetunt

204 1764 291 1828 nobis
307 1764 443 1830 tationes
459 1761 644 1824 domesticae
660 1762 944 1842 ponderosissimae.
967 1763 1064 1825 Vides
1073 1764 1266 1826 Matthaeum
1283 1770 1316 1825 et
1326 1763 1442 1825 Lucam
1450 1762 1532 1823 Evau-

204 1854 333 1936 gehstas
357 1852 623 1934 circumstantiam
638 1851 726 1932 hujus
744 1853 894 1932 temporis
917 1850 1107 1933 nequaquam
1128 1854 1279 1915 intactam
1299 1853 1473 1934 reliquisse;
1492 1869 1532 1912 nec

36 1972 39 1980 ¹
142 1947 145 1953 '
204 1946 252 2007 fas
267 1951 317 2006 est
332 1942 481 2016 dubitare,
497 1941 567 2022 quin
584 1947 616 2002 et
624 1941 681 2003 hoc
691 1941 797 2020 ipsum,
813 1941 1005 2022 quantumvis
1015 1948 1105 2004 tenue
1122 1949 1154 2003 et
1169 1961 1229 2003 non
1239 1942 1447 2004 necessarium
1459 1940 1531 2001 vidcn'

205 2033 295 2096 alicui
311 2031 427 2114 possit,
450 2048 487 2093 ex
503 2030 648 2110 singulari
670 2029 817 2093 instinctu
834 2031 968 2111 Spiritus
991 2029 1100 2093 Sancti
1115 2032 1284 2112 profectum
1304 2032 1354 2093 sit
1402 2031 1447 2092 Illi
1461 2028 1531 2110 igitu

104 2188 108 2206 p
204 2141 354 2186 consensu
369 2120 538 2183 omnimodo
549 2120 853 2195 testatumsecernnt,
866 2122 972 2182 Jesum
979 2121 1098 2185 Mariae
1114 2121 1322 2183 filiumuatum
1338 2139 1408 2181 esse
1418 2117 1530 2181 inBeth

203 2212 304 2274 lehem
318 2210 456 2275 Judaece
473 2208 659 2289 temporibus
676 2209 808 2271 Herodis
825 2206 901 2290 (non
915 2210 1118 2286 Tetrarchae,
1142 2205 1211 2290 sed)
1233 2209 1330 2290 Regis
1354 2227 1444 2289 super
1457 2214 1531 2269 totau

174 2343 178 2353 ·
204 2301 354 2363 Judaeam
377 2308 410 2360 et
425 2298 674 2379 circumjacentes
695 2299 811 2380 aliquot
829 2299 1015 2380 provincias:
1038 2300 1139 2361 Lucas
1160 2318 1233 2361 vero
1254 2299 1353 2362 adhuc
1378 2296 1530 2367 distinctius

164 2386 166 2388 ’
205 2390 257 2452 illo
281 2389 346 2469 ipso
370 2396 522 2469 tempqre,
545 2407 602 2469 quc
626 2388 744 2449 exierat
759 2388 892 2450 edictum
913 2409 932 2448 a
949 2386 1081 2450 Caesare
1097 2388 1255 2468 Angusto,
1277 2397 1313 2450 nt
1335 2388 1530 2450 describeretur

204 2479 363 2541 universus
388 2477 484 2551 orbis3
517 2477 637 2557 quando
657 2474 734 2539 ‘illud
761 2478 893 2538 edietum
914 2476 1048 2558 Augusti
1073 2477 1216 2541 Caesaris
1247 2478 1340 2548 etiam
1366 2479 1398 2540 in
1420 2476 1529 2539 Judaeat

207 2567 350 2649 oppidum
376 2566 557 2638 Bethlehem
583 2566 693 2628 valuit:
731 2566 883 2628 adduntur
910 2572 942 2628 et
965 2565 1075 2646 plures·
1098 2566 1363 2640 circumstantiae,
1389 2564 1529 2647 dequibus

203 2657 294 2720 iufra.
916 2694 918 2699 ι
1107 2716 1108 2719 ,

199 2778 201 2783 s
294 2742 446 2817 Quorsum
469 2743 628 2806 existimas
650 2744 803 2825 pertinere
826 2743 904 2805 hanc
926 2744 1192 2824 Evangelistarum
1214 2744 1407 2824 diligentiam
1430 2744 1528 2821 inpu-

196 2835 554 2914 ccnsendis'tempornm
569 2832 828 2914 circumstantiis?
860 2830 1011 2903 Quorsum
1026 2834 1125 2895 enim?
1155 2834 1214 2895 uisi
1236 2834 1308 2915 quia
1322 2833 1529 2913 perpenderunt

204 2925 272 2988 Deo
297 2923 445 2987 conditori
469 2931 501 2985 et
523 2923 643 2984 custodi
665 2923 785 3002 generis
808 2921 930 2989 humaui
952 2923 1037 2984 varia
1059 2942 1127 2985 esse
1148 2921 1303 2984 hominum
1318 2941 1433 3002 genera
1453 2918 1528 2981 mult

205 3014 473 3096 plicemqnei‘nter.
486 3011 555 3073 illos
570 3013 757 3092 ingeniorum
772 3011 1059 3081 dissimilitudinem:
1084 3031 1139 3074 uec
1155 3012 1302 3086 omuibus,
1324 3012 1373 3092 qui
1391 3011 1428 3073 de
1443 3004 1529 3076 Christi

207 3104 347 3166 doctrina
363 3101 504 3175 andiunt,
527 3101 693 3163 sanctitate
709 3108 742 3162 et
757 3099 913 3163 dulcedine
929 3101 1086 3164 doctrinae
1101 3120 1163 3182 per
1172 3098 1330 3164 Christum
1349 3100 1529 3180 promulgatae

207 3200 241 3254 et
256 3194 295 3255 ab
311 3189 519 3271 Evangelistis
536 3189 708 3270 descriptae
725 3189 916 3252 satisfactum
934 3190 993 3271 iri,
1019 3198 1055 3254 ut
1070 3211 1107 3253 ea
1123 3190 1191 3252 sola
1211 3189 1287 3252 moti
1302 3190 1394 3251 tidem
1413 3186 1529 3252 historiae

203 3281 246 3345 ‘dc
262 3282 320 3345 hcc
329 3281 350 3344 J
352 3299 405 3343 esu
414 3281 576 3343 Nazareno
591 3278 749 3359 perhibere
762 3278 868 3354 uelint,
885 3280 955 3360 quin
969 3280 1071 3361 potius
1084 3281 1117 3343 in
1130 3280 1276 3341 immensa
1292 3279 1397 3359 gentis
1411 3279 1530 3340 humma

207 3369 400 3432 multitudine
422 3386 564 3449 magnam
586 3386 654 3429 csse
677 3368 740 3430 veri
755 3368 974 3448 ignorantiam,
997 3370 1074 3431 alias
1096 3389 1135 3431 ex
1150 3369 1219 3431 aliis
1236 3369 1371 3436 existere
1395 3367 1531 3450 opiniones

208 3478 339 3534 errores,
354 3458 578 3540 persuasiones,
593 3457 712 3520 fabulas
728 3457 911 3521 artificiosas
926 3466 959 3520 et
973 3459 1168 3532 verisimiles,
1191 3475 1268 3539 quae
1283 3457 1334 3519 vel
1350 3464 1449 3521 totum
1462 3469 1531 3536 genu

197 3549 369 3612 ‹humanrmr
384 3548 433 3609 vel
449 3566 576 3628 magnos
593 3546 657 3627 ejus
673 3555 792 3622 coetus,
812 3548 912 3629 utqui
928 3567 985 3629 quo
1001 3548 1129 3610 intense
1145 3548 1333 3610 commerciis
1356 3554 1391 3609 et
1406 3548 1481 3609 vitae
1493 3561 1531 3604 ne

207 3638 404 3701 caecitatibus
419 3638 550 3699 maxime
565 3637 737 3711 miscentur,
753 3637 922 3716 pervadere
937 3657 1052 3718 proque
1067 3639 1148 3700 veris
1162 3637 1256 3717 recipi
1272 3646 1306 3699 et
1322 3637 1407 3699 credi
1424 3636 1530 3698 soleant:

200 3728 287 3803 ,inter
300 3728 359 3791 has
381 3728 476 3790 etiam
497 3726 658 3789 nonnullas
681 3748 700 3789 a
724 3726 797 3790 viris
820 3727 994 3789 sollertibus
1017 3726 1056 3788 ad
1070 3745 1186 3794 morum
1209 3726 1460 3789 emendationem
1478 3723 1533 3784 dats

207 3836 300 3900 opera
315 3818 462 3879 confictas
486 3816 690 3897 doctrinisque
713 3816 898 3878 salutaribus
920 3817 1051 3878 refertas
1074 3817 1160 3879 etin
1182 3823 1301 3878 tantum
1318 3816 1533 3885 exornabant

188 3906 313 3995 ¹iovem
327 3907 469 3989 'lapidem
488 3905 589 3987 jures,
619 3924 692 3967 veru
717 3905 817 3968 verius
842 3925 925 3978 esse,
952 3904 1091 3987 quicquid
1115 3906 1146 3968 in
1176 3923 1210 3967 se
1237 3906 1378 3968 continet
1400 3903 1533 3985 ingeniosa

209 3997 320 4060 fabula.

296 4081 399 4156 Quare
409 4083 476 4164 jam
495 4103 573 4148 nunc
589 4082 658 4146 dum
675 4089 884 4163 superessent,
906 4081 1162 4164 prospiciendum,
1184 4102 1222 4146 ne
1245 4101 1392 4145 successu
1414 4078 1533 4160 tenpom

207 4174 344 4238 hemines
365 4173 530 4254 ingeniosi,
553 4173 662 4247 curiosi
684 4179 716 4235 et
738 4171 906 4252 scrupulosi
936 4172 1098 4235 veritatem
1129 4173 1276 4235 historiae
1298 4169 1533 4253 Evangelicaciu

205 4263 329 4328 dubium
343 4282 453 4327 vocare
469 4263 604 4344 possint,
620 4263 645 4326 si
658 4262 781 4325 rideant
796 4261 976 4328 destitutam
986 4263 1166 4327 necessariis
1178 4259 1419 4326 circumstantiis
1427 4262 1533 4325 locoruu

208 4363 242 4418 et
249 4354 426 4437 temporum,
436 4353 543 4434 quibus
550 4352 634 4414 illam
641 4351 877 4417 velutiruanibus
884 4351 1025 4433 palpent3
1038 4353 1197 4416 etomnino
1205 4351 1382 4414 nchistoria
1390 4352 1427 4415 de
1436 4349 1533 4414 Christ<

199 4443 331 4508 taudem
352 4444 432 4505 inter
447 4441 567 4505 fabulas
583 4442 678 4504 aniles
695 4449 727 4505 et
743 4441 989 4521 superstitiosas,
1010 4441 1176 4509 vetustatis
1199 4442 1277 4505 nube
1301 4441 1413 4514 fultas,
1434 4453 1533 4522 quanm

207 4535 298 4596 tanta
312 4533 393 4594 inter
407 4533 545 4596 homines
560 4532 649 4613 copia
664 4531 713 4605 sit,
728 4531 886 4604 referatur,
902 4549 978 4593 neve
994 4550 1048 4611 pro
1066 4531 1212 4594 dramate
1221 4531 1344 4612 poetico
1357 4531 1418 4593 ,viri
1434 4529 1533 4609 sapien·

207 4623 250 4685 tis
271 4622 354 4684 vitae
376 4621 584 4685 informandae
608 4640 701 4687 causa
723 4620 890 4701 composito
914 4620 984 4682 clim
1005 4620 1164 4683 habeatur.
1177 4647 1195 4667 -ι
1209 4621 1276 4683 Nee
1297 4639 1378 4701 opus
1399 4626 1459 4692 est,
1478 4633 1533 4679 con-

197 4710 332 4792 jecturis
357 4710 503 4791 indagare
531 4717 664 4774 mentem
692 4708 976 4789 Evangelistarum3
1007 4709 1212 4774 audiLuccm
1237 4710 1356 4789 ipsum;
1392 4707 1533 4787 enonas

205 4798 313 4882 inquit,
325 4796 418 4862 multi
433 4799 537 4864 coacte⁸
550 4806 629 4874 cunt,
646 4798 796 4864 ordinere
809 4799 1008 4863 mancones
1022 4819 1138 4871 rernm
1155 4800 1194 4861 de
1212 4800 1326 4879 anona
1341 4800 1375 4862 in
1389 4799 1473 4861 notis
1486 4792 1533 4874 (in-

493 5028 500 5084 l
