3144 5474
88 342 95 366 ,
200 241 265 310 186,
302 257 304 269 ·
641 270 644 282 ⁴
758 261 988 328 amnena

197 408 314 471 faciutr
329 414 360 463 et
371 405 393 476 t)
414 414 544 464 autumno
556 406 759 478 propinquante
771 407 908 465 Antouiru
923 405 992 479 abiit
1004 404 1239 469 contra-Parthae,
1259 396 1291 473 c)
1306 400 1440 465 hiemavit
1450 403 1526 456 occec

198 488 324 552 Athenio.
364 490 406 546 lbi
417 489 530 562 primum
542 488 669 543 nundum
684 487 784 558 accipit
796 489 829 541 de
849 485 880 554 a)
895 487 1015 543 Ventidii
1033 486 1124 559 legati
1144 485 1186 542 cui
1202 483 1338 547 victorum
1360 481 1407 553 qui
1419 496 1467 551 per
1478 495 1527 535 aer·

196 576 287 626 tatem
303 568 367 625 anni
387 570 460 625 sexti
474 564 505 641 p)
518 568 715 640 Phamapaten
735 569 877 623 deleverat
888 569 1060 638 Parthosque
1081 572 1110 620 et
1129 568 1223 620 ducem
1243 580 1338 619 eorum
1364 559 1391 629 c)
1412 563 1529 616 Pacomm

195 649 276 721 Syria
289 650 444 722 expulerat,
454 641 520 706 anti
543 666 602 711 ono,
616 646 739 702 Judaeae
752 666 828 721 rege,
843 665 892 719 per
912 642 952 715 A)
966 648 1084 713 Silonem
1097 647 1125 701 in
1139 646 1257 702 ordinem
1269 645 1385 698 redacto
1406 634 1448 710 B)
1460 657 1528 710 pecu·

196 729 301 800 uiiaque
316 730 412 785 abillo
427 734 454 783 et
467 745 485 781 a
547 728 657 784 Malcho
669 729 836 783 Nabatbeae
849 745 916 800 rege
930 727 1055 783 extortio.
1421 726 1424 733 ’

278 827 426 898 lucipiente
440 843 504 880 vere
519 827 583 880 anui
598 827 705 897 septimi
718 827 868 883 Antonium
881 827 910 880 iu
922 827 1039 882 Parthos
1054 823 1275 880 iturumAtheuia
1288 817 1530 877 revocantem

196 908 225 963 in
244 907 368 971 ltaliam,
391 908 459 978 quod
473 904 620 977 Pompejuo
641 924 695 962 non
716 913 804 962 staret
823 907 925 977 pactia;
952 907 1089 962 Antonius
1109 923 1174 959 vero
1195 903 1270 958 breui
1290 908 1422 957 reversus
1445 906 1530 977 ester

197 987 280 1043 Italia
293 987 321 1041 in
336 986 489 1050 Graeciam,
509 985 570 1040 inde
584 1002 696 1041 movens
715 980 858 1042 lanciam.
893 988 1003 1042 Interea
1015 987 1125 1045 Parthis
1145 985 1248 1040 bellmrr'
1260 981 1456 1053 reparantibun
1468 978 1530 1032 Ven

196 1066 277 1122 tidiuc
287 1067 415 1130 cocurrit;
435 1060 480 1133 D)
494 1074 634 1138 caecoque
644 1069 756 1122 ductore
764 1069 869 1123 Pacoro
883 1061 925 1135 E)
938 1068 1056 1135 Parthos
1065 1066 1133 1122 Asia
1147 1071 1176 1119 et
1188 1065 1268 1136 Syria
1281 1064 1374 1118 exuit:
1389 1059 1530 1114 victoriam·

194 1147 248 1218 que
261 1154 419 1217 persecutus
441 1148 474 1200 od
488 1147 660 1217 Euphratem
679 1149 774 1219 porgit
785 1148 1002 1219 Antiochumque
1024 1148 1131 1202 obsidet
1150 1147 1178 1200 in
1190 1143 1343 1201 Samoeatio
1365 1149 1397 1197 et
1410 1157 1470 1195 cum
1481 1139 1531 1207 ipro

194 1228 229 1280 de
243 1227 377 1281 deditione
390 1226 548 1298 paciscitur:
564 1244 624 1282 oum
632 1228 657 1282 ei
665 1228 1063 1299 cubitocuperveuitAntoniuc
1076 1235 1107 1281 et
1118 1226 1217 1297 spretio
1226 1223 1428 1278 conditiombuc
1442 1220 1532 1276 moin·

194 1300 234 1375 F)
248 1307 393 1365 Samccata
413 1307 531 1370 obridet3
554 1309 603 1362 ced
620 1324 717 1378 pamm
730 1307 843 1380 piobcit.
863 1315 971 1380 tempus
986 1309 1112 1370 trabitur,
1134 1301 1174 1375 G)
1188 1304 1292 1359 damnis
1304 1302 1446 1360 Antonim
1457 1300 1530 1371 plun'·

193 1387 396 1444 miamultatur.
428 1387 554 1458 Denique
563 1387 625 1458 jam
639 1389 751 1444 Claudio
773 1397 803 1443 ct
815 1391 944 1445 Norbano
958 1389 1035 1443 Coae.
1053 1388 1105 1441 hoc
1123 1391 1168 1442 eat
1187 1378 1234 1452 H)
1255 1400 1328 1440 auno
1349 1384 1378 1440 8.
1393 1381 1529 1438 levioribus

192 1458 436 1535 conditionibuol)
451 1469 586 1524 deduntur
599 1468 752 1539 Samocata.
773 1469 909 1525 Antouim
923 1485 973 1539 pro
982 1468 1109 1522 Ventidio
1128 1460 1173 1534 K)
1186 1465 1290 1523 Sosium
1299 1465 1428 1536 praeficit
1435 1460 1528 1533 Syriae.

193 1548 237 1619 qui
250 1547 366 1607 Aradioa
380 1555 534 1620 expugnat,
547 1548 716 1621 Antigonum
728 1550 925 1615 Palaestinum,
944 1542 985 1616 L)
1000 1547 1046 1619 qui
1059 1546 1197 1618 praesidia
1210 1547 1344 1610 Romana,
1364 1560 1437 1615 quae
1450 1543 1476 1596 in
1488 1557 1528 1595 cuo

192 1627 293 1683 ditione
307 1635 393 1691 erant,
408 1628 557 1692 deleverat,
577 1619 624 1695 M)
638 1630 742 1700 proelio
756 1630 840 1685 vincit
853 1637 882 1685 et
901 1621 1140 1700 NJleroaolymac
1154 1627 1252 1701 lingere
1261 1625 1410 1696 compellit
1436 1616 1526 1687 our·

191 1707 281 1762 tonina
294 1708 409 1762 reditum
420 1716 504 1779 parat
516 1710 544 1763 in
556 1709 672 1764 ltaliam.
695 1715 776 1766 Auno
791 1712 817 1766 9.
832 1712 920 1765 eundo
933 1709 961 1763 iu
974 1709 1086 1764 Italiam
1099 1715 1129 1763 et
1141 1709 1277 1762 redeundo
1292 1707 1320 1759 in
1333 1706 1442 1777 Syriam
1453 1710 1526 1757 totum

190 1800 290 1842 nuum
303 1788 443 1852 ocutumit,
456 1789 525 1844 nihil
545 1789 573 1843 in
586 1790 667 1861 syria
680 1792 794 1853 ellect03
815 1790 868 1844 nini
887 1791 957 1861 quod
971 1788 1366 1862 cgo‚1)ionemincerpreconc
1382 1803 1421 1840 au
1438 1801 1465 1838 oe
1477 1783 1524 1851 ipcc

191 1874 220 1922 et
241 1885 277 1923 ax
289 1862 487 1939 scrophae)
502 1858 737 1941 expugnationem
756 1871 989 1942 Jercoolymarum
1008 1871 1037 1924 in
1056 1871 1133 1931 hunc,
1148 1884 1248 1941 aunum
1268 1871 1436 1938 protractam
1453 1863 1523 1917 fidia

191 1948 303 2004 arum.
324 1950 654 2023 axeoemmncurgn,
678 1936 717 2018 o)
732 1952 887 2008 crucam
896 1950 1162 2012 rmoreobcioionen,
1177 1948 1523 2020 quecoroncommancnc

189 2030 276 2100 multa
289 2030 388 2085 damna
400 2031 513 2085 Judaeir
525 2031 613 2094 illata.
627 2032 715 2088 multa
729 2031 812 2087 etiam
826 2039 949 2102 accepto.
1159 2077 1160 2083 ,
1252 2030 1254 2033 ’

139 2198 141 2204 ‚
266 2127 442 2198 lerosolymio
462 2128 559 2183 deditio
586 2124 630 2198 lc)
651 2130 775 2187 Heroden
796 2130 965 2203 praeficitur:
1000 2125 1051 2185 re'x
1077 2122 1113 2198 S)
1133 2128 1307 2200 Antigonus.
1335 2127 1371 2180 Ul
1391 2122 1522 2180 ΔΝΜ

188 2207 293 2271 ruioaua
307 2207 391 2278 virgin
404 2208 534 2270 caecian.
548 2210 620 2264 cruci
633 2210 766 2282 alligatur
781 2218 811 2265 et
824 2212 939 2281 denique
953 2211 1041 2267 ceouri
1058 2210 1217 2282 percutitur,
1236 2213 1358 2264 exeunte
1372 2222 1445 2262 auno
1456 2219 1520 2259 conc.

186 2288 301 2341 Postero
316 2304 387 2340 anno
403 2281 439 2354 T)
453 2290 588 2344 Antonius
603 2290 737 2344 infelicem
750 2292 952 2361 expeditionem
965 2291 1078 2362 auocipit
1090 2291 1119 2344 in
1130 2289 1249 2345 Parthos
1264 2296 1294 2345 et
1305 2288 1402 2345 Medon
1415 2284 1520 2356 reditque

91 2395 97 2401 ·
187 2366 276 2422 hieme
289 2366 317 2420 in
330 2372 497 2439 Aegyptum.

278 2463 382 2546 Atque
397 2463 474 2528 haec
491 2471 540 2526 eat
555 2466 650 2529 series
659 2464 806 2530 historiae
815 2466 981 2541 Romanae,
996 2466 1027 2528 in
1042 2485 1102 2547 qua
1117 2485 1154 2528 ea
1168 2463 1268 2540 retuli,
1283 2482 1359 2546 quae
1370 2456 1520 2544 tempomn
1547 2494 1551 2512 ·

191 2549 336 2633 articulos
352 2552 498 2635 produnt,
520 2561 574 2617 cut
590 2556 745 2637 ceteroqui
760 2557 800 2620 ad
815 2575 880 2619 rem
895 2556 1024 2630 faciunt,
1047 2562 1171 2619 secutus
1185 2554 1369 2635 Appianum,
1391 2552 1442 2616 ubi
1454 2549 1518 2614 Dior

188 2641 278 2724 paulo
295 2642 446 2707 confusior
462 2651 494 2706 et
508 2642 714 2709 indistinctior
728 2645 812 2709 visum
823 2653 881 2721 eet,
896 2665 933 2708 ea
947 2645 1120 2728 plerumque
1137 2649 1330 2720 connectens,
1345 2662 1425 2726 qnae
1438 2657 1518 2704 rcrcu

103 2758 107 2764 ·
187 2731 336 2814 ipsarum,
358 2751 419 2794 non
441 2750 518 2815 quae
533 2741 701 2815 temporum
717 2735 796 2800 cerie
811 2735 985 2799 cohaerent
1020 2732 1102 2813 Vide
1118 2753 1196 2796 nunc
1215 2752 1400 2796 consensum
1411 2726 1519 2810 Jooeplc'

189 2820 458 2902 exquisitissimum
486 2822 517 2886 in
538 2823 636 2904 poetic
656 2824 803 2900 Antonii;
832 2824 884 2906 qui
906 2825 1035 2888 alterum
1057 2823 1189 2905 imperii.
1200 2821 1333 2893 Romani
1356 2829 1450 2903 caput
1469 2826 1519 2883 uo

149 2976 156 2985 ,
189 2910 294 2972 crebro
307 2910 401 2974 robus
415 2911 553 2975 ludaicic
569 2914 783 2989 concurrebat,
804 2919 912 2994 utpote
928 2914 1083 2976 orientem
1095 2921 1216 2989 tenena
1240 2923 1378 2978 anum
1401 2919 1518 2989 Jocoplc·

188 3006 291 3064 marat.
311 2992 345 3068 a)
357 3003 444 3056 Bruto
459 3009 489 3056 ot
502 3002 599 3059 conio
610 3003 683 3059 cir'oa
694 3004 835 3076 Philippos
848 3004 1007 3069 manatio
1021 2997 1058 3069 b)
1071 3005 1219 3061 Gaesarem
1231 3003 1285 3063 iace
1296 3003 1328 3057 in
1337 2994 1519 3069 Italiamque

189 3096 265 3135 ane
275 3081 304 3135 4.
319 3087 349 3136 et
362 3081 390 3136 5.
409 3074 442 3148 a)
457 3083 522 3136 etin
532 3083 647 3147 Gallim,
661 3091 732 3154 puta
744 3085 822 3139 initio
833 3085 937 3147 anni-6,
948 3086 1097 3140 Antonium
1108 3101 1174 3140 rero
1183 3084 1367 3139 drcomiriue
1386 3075 1413 3150 c)
1425 3080 1516 3139 ΔΜ

189 3160 317 3232 etprimo
330 3161 359 3216 iu
371 3162 511 3233 Bithynia,
526 3163 624 3218 iterum
637 3165 712 3235 Tyri,
725 3160 763 3233 ct)
773 3157 912 3236 accepitne
926 3167 962 3219 ab
975 3166 1086 3220 Herode
1097 3167 1232 3238 grandem
1242 3165 1377 3235 penulae
1392 3173 1518 3219 euml

188 3242 217 3296 in
236 3240 330 3295 Cilicia
349 3235 375 3309 e)
389 3242 520 3298 habuince
539 3244 647 3307 obviam
660 3246 849 3316 Cleopatram,
871 3246 984 3317 eJuoquo
998 3262 1089 3317 amore
1103 3253 1214 3317 captum
1230 3246 1256 3300 ei
1273 3245 1394 3316 trrrpiter
1413 3241 1519 3299 aarum·

188 3322 285 3381 aren
299 3322 396 3379 oenoe
410 3329 482 3377 conc
497 3318 700 3394 (ceccanum
715 3319 755 3393 5.)
775 3319 808 3396 s)
822 3325 929 3398 sycon
949 3343 1095 3399 occupate
1108 3327 1237 3390 aanor,
1256 3319 1288 3398 c)
1302 3328 1381 3382 sm
1393 3323 1470 3383 nico
1486 3334 1518 3373 o·

191 3402 315 3479 cionubi
328 3401 449 3459 nominat
466 3397 499 3475 y)
514 3412 544 3460 et
556 3406 782 3476 Barzapbcrnem
802 3413 943 3478 campum
964 3413 993 3461 et
1011 3400 1041 3476 a)
1055 3407 1189 3463 Pacorum
1201 3407 1276 3478 regie
1285 3407 1390 3468 filium,
1409 3405 1518 3472 illumque

189 3481 357 3541 Ptolemaide
372 3489 406 3536 et
413 3482 512 3539 Sidone
525 3493 674 3556 receptum,
694 3478 724 3555 lc)
740 3488 881 3544 exclusum
891 3489 977 3559 Tyro:
991 3488 1196 3561 Hierosolyma
1206 3503 1352 3558 occupante
1365 3487 1518 3556 pentecoste:

187 3554 217 3632 b)
231 3563 364 3634 Hyrcano
384 3580 444 3620 cum
456 3564 540 3622 affine
553 3567 664 3621 Herode
684 3568 745 3624 loco
758 3569 838 3623 motio
851 3585 947 3639 regem
966 3568 1070 3624 iccirco
1092 3561 1116 3636 i)
1130 3568 1307 3640 Antigonum.
1334 3566 1429 3623 Multis
1442 3559 1518 3617 deindo

104 3640 106 3645 ’
187 3643 351 3700 Parthorum
362 3650 400 3721 ¹et
412 3645 529 3701 Herodis
550 3647 702 3703 actionibus
722 3649 988 3719 profectionibuaqua
1002 3648 1176 3718 interpositio,
1197 3656 1226 3702 et
1247 3640 1280 3714 0)
1294 3647 1406 3704 Malcho
1419 3640 1518 3701 Arabi&

154 3744 156 3746 ’
187 3741 255 3799 roga
269 3723 372 3779 frutra
386 3725 419 3778 de
434 3726 546 3783 auxiliis
560 3735 669 3802 rogato,
684 3720 723 3798 G)
731 3730 803 3801 quod
817 3730 939 3788 abrderet
952 3730 1033 3783 rebuc
1046 3729 1195 3791 Parthicia;
1216 3729 1313 3800 quibua
1326 3732 1519 3782 comentccecu

79 3826 81 3831 ’
102 3810 107 3817 “
187 3805 245 3863 fieri
258 3810 359 3874 potest,
373 3806 437 3861 anni
452 3807 539 3878 quinti
551 3809 694 3879 reliquum.
708 3825 816 3866 menaea
829 3808 937 3864 circiter
952 3803 968 3865 'l
984 3816 1034 3864 out
1047 3809 1242 3871 8.trancactoo;
1257 3809 1369 3865 tandem
1382 3803 1519 3880 confugite

187 3886 323 3941 Herodem
340 3885 368 3940 iu
388 3891 565 3959 Aegyptum,
592 3884 626 3956 u)
648 3889 740 3960 ibique
757 3905 813 3944 uon
832 3889 972 3946 inventum
989 3890 1147 3946 Antonium.
1186 3886 1225 3947 Et
1245 3887 1370 3961 quamuis
1391 3883 1520 3956 Cleopatra

188 3966 310 4021 studeret
322 3966 438 4020 Herodis
459 3967 512 4022 iter
524 3968 670 4033 remorari,
691 3986 724 4023 eo
738 3971 809 4040 quod
831 3977 994 4025 enecuere
1007 3970 1189 4041 procellosum
1209 3985 1259 4023 neu
1273 3968 1421 4023 inclemens
1434 3963 1521 4021 coelun

187 4051 217 4104 ec
227 4038 252 4113 l)
267 4046 439 4104 bubulentua
452 4047 553 4106 ltaliae
565 4055 655 4107 otetur
668 4050 844 4111 nunciaretur
858 4047 949 4119 (audio
962 4052 1065 4109 ballum
1083 4050 1257 4114 renonum,
1278 4067 1344 4107 cum.
1358 4049 1388 4104 in
1407 4047 1521 4119 aemil

187 4124 304 4185 noudum
318 4126 380 4183 sciri
392 4134 500 4198 poscet,
513 4145 611 4198 pacem
622 4125 905 4198 Brundusiifactam),
926 4123 965 4200 m)
980 4123 1118 4187 Herodem
1135 4138 1228 4191 tamen
1247 4129 1393 4186 contemtia
1412 4121 1523 4200 pericu·

187 4204 364 4282 properasse,
385 4213 415 4263 et
423 4206 538 4276 jactura
557 4210 633 4266 facta
652 4210 760 4266 veniere
774 4211 899 4266 Rhodum
913 4212 1004 4283 ibique
1017 4212 1083 4267 uari
1103 4212 1248 4266 aedificata
1262 4213 1375 4283 taudem
1392 4201 1526 4265 venicteln

186 4284 308 4345 Italiam:
330 4303 390 4345 oum
410 4281 439 4355 o)
453 4289 596 4351 Ventidius
612 4288 673 4360 jam
684 4292 850 4362 praemissus
871 4300 946 4347 ercet
958 4293 986 4347 in
999 4292 1108 4364 Syriam
1121 4291 1364 4363 contrachrtltoa,
1386 4296 1416 4344 et
1432 4281 1467 4362 p)
1479 4291 1527 4342 Au·

186 4367 275 4424 tonius
289 4383 349 4423 oum
362 4367 482 4426 Caesare
491 4368 553 4439 jaun
572 4363 602 4444 q)
616 4371 719 4426 Romae
741 4371 826 4427 amice
841 4374 964 4445 degeret.
998 4373 1040 4427 Ibi
1061 4378 1157 4427 narrat
1170 4371 1291 4428 Antonio
1313 4377 1397 4443 genta
1409 4366 1531 4424 Parthico

186 4446 294 4522 aliquot
306 4446 456 4514 mensium,
474 4458 504 4505 et
516 4451 643 4506 credibile
658 4458 718 4514 eat,
736 4453 888 4509 Anwnium
906 4452 1007 4524 partim
1027 4453 1054 4508 in
1067 4458 1200 4526 Aegypto
1214 4450 1316 4523 partim
1336 4451 1365 4507 in
1378 4451 1475 4507 itinere
1489 4448 1531 4505 ab·

185 4536 304 4594 tcum,
325 4524 447 4587 nondum
463 4549 495 4587 eo
509 4548 596 4603 usque
610 4532 763 4598 audivisse,
783 4549 853 4604 quae
867 4532 895 4587 in
908 4533 1030 4590 interiori
1043 4532 1185 4606 provincia
1197 4538 1369 4605 gererentur.
1401 4530 1534 4588 Proloiuo

186 4615 277 4668 autem
295 4602 324 4677 r)
345 4611 451 4670 Herodi
462 4613 497 4668 ad
509 4629 640 4686 regnum,
661 4614 732 4685 quod
752 4613 825 4669 utilio
846 4615 882 4669 ab
893 4614 1015 4672 Antonio
1030 4615 1166 4670 diceretur
1187 4613 1295 4671 fucum
1313 4613 1388 4670 bello
1403 4611 1538 4674 Porum,

187 4696 217 4744 et
230 4691 375 4748 emonem
396 4707 504 4765 quoque
524 4693 553 4749 iu
566 4693 686 4766 gratiam
698 4694 813 4749 Antonii
829 4693 936 4765 juviana
956 4696 1107 4758 Herodem,
1129 4700 1160 4750 et
1178 4688 1206 4761 c)
1225 4694 1366 4761 Senatum¹
1378 4688 1539 4765 ruperiejur

186 4770 301 4845 negotio
311 4779 496 4832 ocreatum
519 4778 613 4849 Atque
622 4773 692 4835 luceo
699 4774 776 4833 tacta
785 4775 900 4853 cunno
913 4783 944 4832 et
955 4775 1079 4834 Pollione
1093 4775 1168 4835 coac.
1183 4779 1309 4835 ccureute
1323 4776 1419 4851 ⁸adbuc
1434 4774 1541 4847 Olrma
