3194 5482
567 299 684 350 sonsa·
696 299 880 365 chronologicis.
921 270 924 275 ’
1205 262 1209 268 ’
1274 280 1302 335 Γ
1351 277 1407 353 67.

79 448 190 519 tempore
204 418 285 503 inter
298 439 349 503 Eli
364 447 397 503 et
411 439 543 506 Saulem
573 441 695 520 Addam
710 441 841 523 ergod8
856 461 960 516 annos,
981 461 1056 525 quos
1071 424 1169 522 adbuc
1185 441 1340 505 desideras
1356 461 1394 504 ax
1509 482 1513 491 ·

76 529 237 591 ostentate
260 530 350 591 Pauli
363 531 435 592 Act.
453 531 509 604 13,
530 538 566 592 ut
588 550 704 592 summa
725 532 915 594 detrahenda
934 531 1083 606 fias1953
1107 531 1267 594 restabunt
1282 531 1393 594 nihilo-

5 647 6 656 *
74 618 152 679 mnus
166 618 230 680 400
245 618 308 680 fere
324 619 396 683 anni
412 620 450 682 ab
465 619 558 694 exitu,
573 627 606 681 et
620 618 685 684 360
702 620 740 682 ab
756 620 895 701 ingressu
909 621 939 683 in
957 619 1082 684 Canaan
1099 620 1320 701 adJephtham.
1348 622 1396 683 At
1449 694 1453 704 .

72 707 214 782 enimvero,
229 707 254 768 si
263 707 283 768 J
285 707 415 787 ephthes
430 709 494 771 360
504 727 661 781 numerare
670 709 830 790 potuisset,
845 711 982 790 profecto
998 729 1058 771 non
1073 718 1193 772 tantum
1209 709 1273 771 300
1288 728 1394 770 nnme-

71 802 163 868 resset,
179 796 320 857 namhoc
336 797 433 877 magis
449 798 489 865 ad
504 816 627 860 causam
643 817 728 860 suam
743 798 883 873 iaciebat,
899 798 968 879 quia
978 797 1020 861 60
1037 806 1085 860 est
1100 798 1168 879 plus
1184 797 1308 859 dimidia
1321 815 1394 858 cen·

72 884 143 946 turia
172 885 269 947 Porro
285 885 369 960 vide,
389 887 536 967 quomodo
552 905 667 950 summa
687 887 751 952 300
772 906 917 950 annorum
937 887 1097 967 colligatur
1112 886 1317 968 probabiliter.
1345 887 1396 948 Da

71 968 232 1047 ldivisioni,
251 974 266 1036 l
279 975 377 1053 gestis
384 975 492 1050 Judae,
507 975 855 1039 80husan-Risathaim
871 971 975 1057 (modo
986 995 1077 1056 snpra
1087 975 1178 1050 dicto,
1199 983 1234 1036 ut
1248 974 1397 1055 inceperit

70 1062 128 1123 ines
142 1082 280 1142 premere
295 1058 528 1146 Hebraeorum),
543 1065 586 1127 40
602 1065 707 1145 quieti,
722 1064 762 1127 18
778 1065 919 1131 servituti
933 1065 1127 1139 Moabitiaae,
1142 1064 1185 1127 80
1201 1064 1309 1145 quieti,
1329 1082 1396 1129 cum

70 1151 158 1231 qubus
174 1153 217 1214 20
234 1172 331 1214 anuos
346 1153 466 1216 Jabinis
482 1154 611 1217 termina
625 1154 683 1228 ita,
704 1161 739 1215 ut
758 1173 817 1215 non
838 1162 1044 1217 numerentur:
1068 1155 1139 1236 quia
1159 1153 1241 1215 nulla
1263 1152 1395 1215 servitus

70 1239 238 1320 superiorum
252 1241 298 1303 ita
309 1243 463 1304 commode
473 1242 571 1304 omitti
581 1250 694 1322 potest,
709 1243 837 1306 utbaec.
861 1243 943 1306 Alibi
960 1262 1067 1323 nempe
1077 1244 1175 1323 magis
1184 1242 1279 1304 verba
1294 1243 1394 1304 recla-

69 1336 143 1390 mant.
165 1329 242 1391 Iude
258 1330 302 1393 40
310 1330 420 1411 quietis
436 1333 490 1394 sub
506 1333 638 1405 Debora,
654 1339 686 1392 et
708 1349 775 1393 cum
782 1332 819 1393 iis
827 1328 982 1394 termina'l
993 1331 1331 1406 annosMidiauitarnm,
1347 1330 1396 1411 qui

69 1427 211 1480 nauseant
224 1419 350 1481 incensi.
380 1419 511 1482 Rursum
526 1421 568 1481 40
585 1420 709 1500 quietis,
729 1421 967 1493 3Abime1ooloi,
984 1421 1025 1501 23
1042 1421 1171 1493 Tholae,
1188 1421 1229 1481 22
1244 1420 1336 1494 Jairi,
1354 1417 1396 1481 18

69 1506 295 1570 Philistaeorum.
332 1507 456 1571 Summa
478 1510 537 1571 erit
558 1510 638 1591 300,
661 1508 780 1589 qualem
794 1510 929 1591 Jephtha
951 1517 1098 1573 numerat.
1136 1502 1299 1570 Omisimus
1322 1526 1394 1588 ergo

71 1595 128 1657 dnae
142 1605 265 1659 tantum
280 1598 444 1660 servitutes
460 1599 501 1659 20
519 1606 550 1659 et
566 1593 585 1660 7
602 1617 755 1662 annorum.
784 1599 867 1678 Ergo
889 1598 925 1662 de
942 1601 985 1669 20
1001 1598 1089 1662 aunis
1109 1596 1140 1660 id
1160 1605 1245 1673 tene,
1265 1597 1323 1659 fine
1340 1616 1395 1660 oa·

70 1684 124 1763 pitis
139 1685 168 1746 3.
184 1685 337 1766 quievisse
353 1687 462 1750 dicitur
478 1696 560 1749 terra
576 1686 618 1748 80
635 1686 731 1748 annis.
756 1685 802 1749 Αι
817 1707 875 1749 non
892 1707 985 1768 usque
1002 1687 1041 1749 ad
1056 1696 1184 1749 mortem
1198 1686 1302 1760 Ebud3
1325 1704 1396 1747 narn

6 1828 7 1831 ,
71 1773 143 1835 ctam
158 1773 318 1855 Samgaris
335 1776 370 1836 fic
383 1776 507 1851 mentio,
522 1783 557 1838 ut
571 1775 725 1855 intelligas
740 1776 828 1839 Ebud
842 1784 994 1838 mortuum
1009 1776 1108 1850 citius,
1130 1775 1212 1839 circa
1227 1794 1336 1837 aunum
1352 1773 1395 1837 50
1502 1810 1507 1820 .

5 1887 6 1892 ¹
71 1862 106 1923 vol
118 1862 160 1926 00
174 1863 256 1925 illius
273 1883 415 1926 summae.
444 1864 519 1928 Inde
540 1884 605 1946 cap.
622 1865 650 1925 4.
671 1871 837 1945 peccarunt
856 1885 916 1928 non
931 1873 1003 1947 post
1019 1871 1145 1929 exactos
1160 1864 1203 1927 80
1219 1883 1324 1938 anuos,
1340 1862 1395 1925 sod

68 1960 266 2031 postmortem
280 1953 378 2015 Ebud.
413 1953 540 2016 Venditi
562 1960 664 2016 autem
685 1954 716 2015 in
739 1954 916 2017 servitutem
938 1974 998 2016 non
1013 1954 1107 2028 bello,
1129 1954 1185 2017 sed
1202 1953 1335 2032 „Zarang
1350 1951 1407 2014 sie

4 2042 5 2045 ’
67 2040 257 2105 nitGevalt“
274 2049 401 2123 propter
415 2060 518 2105 comus
534 2043 658 2115 ferreos,
674 2041 723 2122 qui
733 2044 900 2124 etiamcap.
913 2043 1048 2105 bladae
1058 2041 1394 2123 'insuperabileserant

67 2127 174 2199 Quievit
188 2131 283 2211 igitur
298 2138 382 2193 terra
397 2123 587 2195 nihilominus
604 2132 658 2193 sub
675 2132 789 2216 servitu
805 2133 847 2195 20
863 2151 1022 2195 annorum:
1045 2151 1106 2193 non
1122 2139 1190 2193 erat
1204 2130 1323 2205 bellum,
1339 2129 1410 2191 sed.
1490 2214 1491 2217 Ἴ
1527 2129 1529 2138 ’

65 2217 240 2281 invalescens
253 2220 396 2301 potentia
412 2227 444 2282 et
458 2226 565 2282 terror.
603 2221 650 2282 At
671 2240 762 2301 supra
784 2220 824 2283 18
840 2221 910 2282 anni
927 2221 1084 2283 servitutis
1105 2241 1124 2282 a
1145 2219 1225 2283 bello
1248 2226 1281 2281 et
1302 2226 1394 2300 capta

6 2317 7 2350 ³
65 2307 174 2371 civiate
190 2309 365 2370 Palmarum
380 2309 573 2390 incipiebant.
602 2308 718 2371 Eadem
732 2309 822 2390 plane
839 2309 897 2372 dici
912 2318 1041 2390 possunt
1056 2310 1093 2371 de
1109 2306 1130 2372 7
1146 2309 1233 2372 annis
1248 2307 1392 2372 Midiani-

8 2426 9 2430 *
65 2403 157 2458 tarum
193 2399 317 2473 Habes,
338 2405 375 2459 ut
394 2398 515 2478 opinor,
537 2405 747 2478 argumentum
770 2399 846 2460 satis
868 2400 1060 2462 memorabile
1086 2405 1119 2461 st
1143 2397 1319 2479 speciosum.
1358 2397 1396 2459 Id
1462 2401 1464 2406 ’

63 2494 322 2565 autempertexam
332 2487 385 2549 sio.
409 2488 460 2549 Ad
471 2506 567 2550 annos
577 2488 642 2550 300
653 2487 763 2550 addam
779 2486 906 2569 6Jeph.,
922 2485 1073 2562 7Abess,
1091 2488 1131 2550 10
1141 2487 1228 2562 Ε1οιι,
1243 2485 1393 2559 8Abdon‚

62 2575 348 2650 40Philistaeorum,
363 2574 512 2638 Simeonis
527 2576 630 2650 etEli,
650 2577 693 2638 20
710 2596 808 2651 areae,
823 2576 1004 2640 canonisis
1019 2577 1050 2639 in
1064 2575 1244 2650 Jerusalem,
1263 2575 1284 2637 3
1301 2572 1394 2637 Salo-

6 2656 7 2728 ]
60 2664 158 2738 mcum,
182 2665 310 2745 denique
332 2664 375 2727 40
392 2665 515 2729 deserti.
545 2663 734 2745 colligentur
749 2661 827 2741 467,
848 2685 1062 2748 quaesumma
1082 2664 1172 2728 abest
1192 2662 1291 2727 osso
1307 2663 1394 2725 annis

4 2818 5 2823 ,
64 2753 96 2814 12
110 2760 164 2814 aut
181 2754 231 2815 13.
262 2754 407 2815 Dicamus
422 2754 523 2835 igitur,
541 2755 695 2835 Jephthae
716 2752 899 2835 superfuisse
921 2755 1066 2835 pauculos
1088 2773 1184 2817 annos
1207 2770 1299 2834 supra
1320 2752 1394 2826 300,

58 2842 116 2903 illos
131 2862 174 2904 sc.
190 2843 272 2903 inter
280 2851 408 2905 mortem
416 2843 531 2905 Josuae
541 2850 574 2904 et
581 2842 698 2905 initium
709 2843 867 2908 servitutis
876 2842 1202 2917 Chusan-Risatbaim,
1216 2841 1267 2924 qui
1283 2840 1395 2905 fuerim

4 2951 7 2998 ζ
58 2928 134 2992 lsel
149 2931 179 2993 8.
209 2931 357 3012 Reliquos
377 2932 398 2994 4
418 2933 467 2994 vel
485 2932 507 2994 5
522 2942 711 3013 permenses
732 2933 947 2996 distribuamus
966 2933 1047 2995 inter
1067 2939 1116 2994 tot
1131 2923 1263 3011 judices,
1287 2930 1394 3013 quibus

57 3018 158 3100 integri
173 3020 246 3082 anni
262 3020 474 3083 adscribuntur
490 3021 608 3082 omissis
622 3021 784 3096 mensibus,
800 3030 832 3083 et
846 3022 1011 3102 probabilis
1027 3021 1114 3083 nobis
1129 3021 1184 3082 flet
1198 3039 1313 3082 summa
1328 3018 1393 3082 480
1455 3048 1458 3055 ·

57 3129 203 3171 annorum.
239 3108 275 3172 Si
290 3129 366 3190 quas
380 3109 430 3172 hie
445 3110 555 3176 ¹turbas
575 3117 679 3173 movet
696 3109 814 3173 initium
833 3111 902 3172 libri
916 3111 1069 3187 Judicum,
1092 3129 1145 3171 eas
1160 3109 1206 3172 ita
1221 3108 1394 3184 toleremus,

56 3207 85 3259 ιι
98 3198 276 3279 cogitemus,
295 3198 390 3261 isthic
403 3199 532 3262 describi
554 3218 700 3261 summam
722 3207 754 3261 et
774 3207 981 3280 argumentum
1001 3199 1082 3273 libri,
1105 3206 1137 3260 et
1156 3197 1291 3260 rationes
1313 3198 1395 3261 tradi

55 3296 259 3350 secuturarum
272 3288 480 3372 mutationum,
495 3308 571 3369 quae
587 3309 648 3352 non
662 3289 708 3351 ita
721 3290 858 3370 praecise
874 3289 1021 3369 incipiunt
1034 3297 1107 3368 post
1120 3295 1249 3350 mortem
1264 3287 1394 3351 omnium

55 3377 168 3439 omnino
185 3376 354 3453 seniorum,
376 3377 456 3440 siout
470 3396 526 3440 neo
541 3397 672 3459 poenae,
695 3397 770 3459 quas
792 3378 973 3459 superstites
995 3377 1112 3458 aliquot
1133 3396 1222 3439 senes
1244 3376 1394 3455 viderunt,

54 3466 133 3528 initio
147 3465 351 3546 gravissimae
366 3467 495 3529 fuerunt.
528 3467 577 3528 En
593 3467 649 3529 tibi
664 3465 858 3530 Othonielem
868 3466 1001 3546 J'udioem
1022 3473 1054 3528 et
1074 3466 1281 3542 liberatorem,
1303 3484 1394 3529 unum

55 3563 130 3617 certe
147 3574 188 3617 ex
202 3554 250 3630 iis,
266 3546 317 3636 qui
331 3555 472 3618 viderunt
485 3554 635 3618 mirabilia
649 3556 709 3617 Dei
723 3555 754 3619 in
769 3563 853 3618 terra
868 3554 1004 3621 Oanaan.
1033 3555 1093 3618 Est
1108 3555 1186 3617 enim
1202 3554 1267 3635 ejus
1280 3555 1393 3618 mentio

54 3643 140 3706 etiam
155 3651 252 3706 autea
268 3651 305 3705 et
316 3643 422 3708 Calebi
437 3646 532 3707 frater
551 3651 606 3707 aut
620 3645 724 3707 fratris
739 3644 817 3723 filius
833 3652 903 3721 esc,
920 3643 1015 3708 Caleb
1037 3663 1109 3706 vero
1125 3643 1167 3706 85
1184 3663 1280 3707 annos
1300 3643 1410 3707 habet'

8 3778 9 3781 ,
53 3733 260 3809 indivisione,
281 3733 372 3813 paulo
394 3752 465 3815 ergo
486 3732 643 3814 pauciores
658 3734 776 3808 Kenas,
798 3742 832 3795 ιιι
846 3735 927 3796 bona
947 3751 1014 3795 oum
1033 3732 1092 3794 fide
1109 3732 1253 3795 Othoniel
1270 3736 1394 3803 (embol)

53 3822 209 3901 possideat
229 3821 274 3884 40
289 3841 385 3884 aunos
406 3823 435 3884 in
456 3822 602 3904 ingressu
616 3822 750 3886 Canaae.
785 3822 817 3884 Is
831 3821 897 3903 jam
917 3821 1028 3885 liberat
1042 3822 1214 3899 israelitas,
1237 3830 1395 3902 spectator

54 3912 119 3973 olim
135 3929 237 3972 rerum
254 3917 286 3972 et
301 3910 415 3974 deserti
430 3909 605 3986 etCanaae,
622 3920 654 3973 et
670 3911 695 3973 si
705 3911 957 3974 literaeordiuem
973 3911 1104 3973 strictim
1119 3930 1239 3993 urgeas,
1254 3909 1297 3972 40
1307 3910 1409 3973 anuis·
1484 3980 1485 3985 .

54 3998 234 4081 supervivit;
259 3999 366 4081 quibus
385 3999 463 4062 adde
484 3995 503 4062 7
525 3999 680 4063 divisionis
702 4007 734 4062 et
758 4001 798 4063 13
818 4000 955 4082 integros
976 3999 1163 4063 differentiae
1185 3998 1322 4080 superius
1342 4018 1394 4061 re·

54 4097 171 4168 pentae,
195 4087 358 4151 hebesco
381 4089 420 4150 ad
436 4107 588 4152 summum.
623 4089 751 4170 Largire
774 4096 875 4152 autem
898 4095 1032 4152 aetatem
1048 4089 1091 4151 80
1106 4108 1261 4154 annorum.
1297 4089 1395 4151 Vides

54 4178 185 4240 omnibns
201 4177 301 4238 modis
318 4177 356 4238 ad
371 4176 523 4240 minimum
537 4177 620 4240 illum
636 4180 678 4241 20
694 4197 838 4240 annorum
855 4198 923 4242 esso
937 4178 1075 4259 potuisse
1091 4177 1121 4240 iu
1137 4178 1285 4259 ingressu,
1302 4185 1334 4239 et
1349 4177 1394 4240 sio

55 4268 160 4330 vidisse
176 4284 273 4346 opera
286 4265 354 4328 Dei.
390 4266 474 4329 Nihil
495 4266 587 4347 igitur
607 4285 680 4330 vero
703 4267 847 4329 dissimile
864 4266 938 4342 dixi,
960 4287 1016 4329 uec
1031 4267 1092 4329 vim
1112 4267 1170 4330 ieci
1185 4266 1301 4341 verbis,
1326 4267 1394 4343 „die

55 4356 86 4418 da
99 4357 208 4419 lebten
224 4355 291 4416 eine
307 4355 396 4435 lange
412 4355 482 4417 Zeit
496 4356 708 4430 uachosua“‚
723 4355 782 4418 nisi
797 4375 887 4437 quam
900 4356 962 4429 vim
978 4355 1136 4438 sequeutia
1151 4357 1227 4419 haec
1244 4356 1281 4418 de
1292 4353 1395 4419 Otho·

11 4471 12 4474 ¹
55 4445 124 4508 niele
140 4445 310 4507 intentant.
335 4442 411 4515 Quis
422 4443 500 4506 enim
516 4445 713 4526 probabiliter
729 4444 853 4521 dixerit,
865 4443 979 4509 Calebo
997 4445 1191 4524 octagenario
1206 4452 1312 4507 natum
1328 4464 1395 4523 esse

56 4553 85 4596 ex
99 4536 198 4621 fratre
215 4539 358 4614 nepotem
373 4533 404 4595 in
420 4532 535 4608 (lanas,
551 4535 599 4615 qui
615 4534 688 4598 nihil
704 4553 806 4610 eorum
820 4533 940 4611 viderit,
963 4533 1085 4616 quaein
1101 4534 1223 4596 deserto
1241 4542 1273 4596 et
1289 4533 1396 4599 Oanos

11 4634 13 4637 ’
55 4621 272 4688 acciderunt?

132 4711 275 4776 Tertium
291 4715 498 4790 argumentum
513 4711 628 4781 deduco
644 4730 683 4773 ex
698 4712 877 4793 genealogia
891 4711 1034 4775 Davidis:
1056 4710 1148 4787 Juda,
1162 4709 1290 4789 Phares,
1309 4713 1394 4777 Haz-

57 4820 112 4880 mu,
129 4802 222 4876 Ram,
237 4798 436 4882 ,Aminean
447 4799 625 4878 Nahassou,
640 4796 759 4875 Selma,
772 4800 869 4876 Boas,
885 4797 1202 4878 Obed,1sai,David.
1230 4801 1395 4868 Nabasson

1149 4903 1187 4960 ὅ.
