3134 5482
534 228 641 293 Eeloqae
667 176 829 277 Cluon'ucae.¹
1267 233 1329 293 467

25 400 133 466 dierum
165 398 376 553 humum
407 405 512 484 potest
541 422 609 465 esse
646 406 694 465 10.
727 400 796 465 Cal.
828 402 905 485 Apr.
936 400 992 466 ser
1024 400 1078 466 VI.
1106 408 1153 471 vul
1182 404 1277 476 etioin
1300 411 1331 474 in

26 496 64 554 ll.
87 491 157 555 Cal.
181 491 239 554 fer.
292 539 299 552 .
1216 534 1222 542 ,
1267 506 1272 546 ῑ

99 580 169 668 Cur
190 585 298 644 autom
321 583 469 661 προληψιν
490 546 618 642 stabulat
636 579 772 662 praecisi
794 576 894 657 bidui,
918 598 1047 643 causam
1070 586 1229 662 esseputo
1245 601 1329 643 oom-
1380 636 1389 649 ‚

20 670 214 753 parationem
233 667 331 731 ‹illius
361 666 437 730 anni
467 687 539 730 cum
570 668 656 749 cyclo
688 667 818 731 Nicsno.
864 666 999 732 Nicenus
1022 667 1166 732 calculus
1189 668 1256 748 (ille
1278 670 1333 752 qui

20 779 33 820 a
52 757 207 840 Dionysio
228 756 262 820 in
285 757 465 820 Romansuu
481 755 706 821 Calendarium
722 757 952 840 transscriptus
969 763 1028 835 est,
1052 756 1100 820 vel
1114 756 1202 821 aliud
1217 757 1332 836 simile)

20 854 157 928 tempore
188 844 304 910 Christi
333 844 490 927 anticipat
520 845 571 910 die
600 864 680 922 una,
712 842 866 919 Juduicus
896 846 955 909 ista
985 845 1143 910 Niesnum
1174 846 1334 910 antevenit

20 935 116 1012 uidua,
141 934 267 998 Lunam
290 932 461 998 coelestem
481 933 578 1017 igitur
598 931 716 997 triduo.
763 932 896 1016 Constat
919 954 958 997 ex
981 933 1164 1015 Evangelio,
1180 931 1273 997 ‘seria
1293 932 1332 1010 V,

20 1043 96 1106 quae
119 1021 180 1088 fuit
201 1041 288 1085 anno
311 1020 439 1085 Juliano
460 1026 515 1085 tt.
542 1026 591 1085 ll.
615 1019 747 1086 Caleud.
770 1021 898 1104 Aprilis,
927 1020 971 1087 ad
993 1042 1157 1105 vesperam
1178 1016 1334 1103 incepisse

20 1114 138 1176 tunam
161 1110 232 1174 XV:
252 1130 310 1175 seu
332 1111 469 1192 primam
492 1129 670 1192 azymorum
693 1129 733 1174 ex
752 1108 836 1174 illius
857 1110 936 1193 cycli
951 1109 1075 1174 Judaioi
1090 1110 1332 1175 consuetudine:

20 1207 127 1282 ‚taque
149 1199 307 1264 Christmu
329 1218 456 1282 passuun
479 1205 512 1262 ct
532 1204 688 1264 mortuum
709 1205 862 1281 sequente
884 1198 966 1263 feria
987 1198 1040 1277 Vl,
1065 1199 1146 1281 quae
1168 1203 1253 1262 esset
1274 1198 1336 1263 hoc

20 1310 98 1353 mno
125 1293 175 1351 10.
200 1287 267 1351 Cal.
291 1286 368 1371 llpr.
391 1287 578 1351 decurrente
601 1287 694 1352 Luna
708 1286 774 1350 XV.
789 1286 932 1365 Juduiea,
957 1308 1012 1351 seu
1026 1289 1131 1371 pn'ma
1144 1308 1334 1370 azymorum,

20 1399 44 1440 n
71 1379 163 1460 cujum
185 1383 325 1458 vespera,
356 1374 526 1458 incipiente
548 1375 638 1440 Luna
659 1374 741 1441 XVI.
761 1375 881 1463 *usuali¹
905 1396 989 1461 ¹quae
1011 1380 1081 1440 erat
1102 1376 1242 1441 secunda
1263 1397 1333 1461 azy·

20 1486 145 1540 uorum
170 1463 285 1529 ludaei
306 1464 509 1528 comederunt
529 1464 657 1548 pascha,
681 1485 744 1530 uno
767 1464 819 1529 die
841 1465 941 1529 serius
964 1485 1060 1548 quam
1083 1462 1235 1529 Christus.
1256 1489 1259 1496 ¹
1314 1474 1322 1484 “

102 1554 164 1619 Hic
181 1556 250 1637 jam
271 1551 490 1635 intelligrmtur
512 1552 609 1620 etiam
631 1551 797 1618 subeuntia
819 1551 924 1633 verba,
948 1553 1028 1618 atax
1044 1580 1092 1619 και
1106 1578 1159 1635 cp
1172 1551 1337 1636 tamdem

20 1650 203 1724 ιαραθεηος
223 1667 295 1719 μιαν
317 1638 435 1726 turpat,
459 1640 654 1706 siJuduicus
670 1641 808 1727 calculus
831 1641 880 1723 (ut
895 1649 1029 1726 apparet
1047 1663 1086 1706 ex
1101 1640 1338 1725 comparatione

20 1732 166 1794 larianum
187 1729 272 1794 illium
294 1730 372 1816 anui
389 1749 459 1794 cuuu
474 1729 612 1794 naturali
622 1750 723 1794 cursu
738 1729 862 1810 Lunae)
885 1728 990 1798 triduo
1004 1730 1190 1815 anticipavit
1204 1729 1336 1810 Lunam,

20 1829 48 1883 ut
76 1818 166 1902 quod
188 1817 388 1902 Epiphanius
418 1819 530 1898 statuit
551 1824 699 1901 προληψιν
726 1817 824 1884 solius
855 1817 949 1883 bidui.
994 1819 1085 1898 Num,
1121 1818 1196 1902 quia
1224 1818 1339 1901 ludaei

20 1929 111 1971 uuam
133 1908 233 1972 etiam
255 1908 338 1971 diem
359 1908 407 1971 sui
428 1905 541 1989 calculi
564 1898 846 1972 transscenderunt
868 1913 901 1971 et
921 1908 1056 1993 primam
1078 1907 1203 1990 quidem
1223 1907 1263 1971 de
1278 1907 1339 1973 hoc

20 1996 129 2074 triduo,
155 1995 314 2060 translata
336 1995 439 2080 prima
460 2015 639 2079 azymorum
662 2000 794 2060 exeunte
816 2016 879 2060 seu
893 1997 998 2081 potius
1017 1997 1088 2080 ipso
1102 1996 1172 2060 solo
1186 1995 1341 2080 paschate

20 2104 33 2148 a
58 2085 142 2149 teria
164 2083 208 2149 VI
242 2085 274 2149 in
302 2085 412 2151 feriam
434 2083 502 2164 Vll,
531 2091 567 2147 ut
588 2084 709 2162 scilicet
730 2085 933 2152 comederent
954 2085 1075 2168 pascha
1096 2085 1240 2169 proxime
1262 2092 1339 2156 ante

20 2173 138 2238 mitium
175 2171 335 2253 sabbathi,
373 2172 514 2238 Christis
550 2190 641 2251 vero,
677 2179 802 2248 secutus
832 2173 955 2256 cyclum
984 2173 1162 2255 Judaicum,
1188 2173 1340 2255 'neglecta

20 2260 187 2345 hyperbasi
219 2260 322 2333 triduo
351 2263 517 2345 praevenit
545 2261 707 2342 Lunam‘l'
729 2261 783 2325 lln
804 2263 904 2349 magis
928 2262 1089 2341 credibile,
1113 2261 1199 2345 quod
1222 2263 1340 2328 dictum

20 2358 45 2415 et
67 2349 156 2414 infra
177 2349 423 2431 confirmabitur,
455 2348 669 2434 Epiphaniam
690 2351 847 2435 respicere
870 2351 1020 2418 Nicenmu
1042 2351 1171 2434 cyclum,
1194 2356 1341 2435 respectu

20 2441 100 2523 :ujus
124 2438 270 2503 Christus
293 2439 419 2522 quidem
443 2438 542 2507 hiduo
565 2439 752 2523 anticipant
772 2448 842 2503 cum
862 2440 950 2523 cyclo
965 2439 1109 2521 Judaioo,
1133 2436 1248 2504 Judaei
1264 2463 1341 2509 vero

20 2549 78 2592 uno
122 2528 175 2592 die
216 2536 348 2611 propter
389 2527 505 2593 factam
545 2525 706 2610 ὕπορβαοιν
746 2528 901 2594 alterius?
953 2527 1038 2592 Dum
1070 2529 1173 2610 igitur,
1196 2527 1341 2593 calculus

20 2621 217 2699 ιρολᾳμβανει
239 2640 291 2698 apr
312 2622 441 2699 eatqvqr
456 2642 532 2699 space
554 2616 572 2699 ἦ
595 2626 648 2681 duo
672 2614 789 2703 ἡμερας,
816 2615 930 2681 duduci
944 2637 1020 2683 vera
1037 2614 1262 2699 implicantem
1278 2639 1341 2683 uno

20 2704 64 2787 lie
86 2704 216 2787 Lunam
238 2704 323 2769 XIV.
352 2706 400 2787 sui
421 2704 535 2770 calculi
558 2706 717 2770 contrario
739 2711 840 2769 motu:
871 2725 911 2771 ex
933 2705 1095 2788 utriumque
1117 2705 1165 2770 rei
1187 2724 1342 2771 concursu

20 2801 101 2859 recte
124 2799 259 2876 usurpat
282 2793 391 2859 roceln
409 2798 635 2877 θορυβουμιιοι
680 2795 751 2860 Aut
764 2793 848 2860 forte
869 2793 954 2863 baec
970 2816 1030 2860 vox
1051 2795 1165 2875 argurit,
1187 2796 1341 2876 quosdam

20 2883 214 2949 ludaeorum
237 2886 306 2947 curin
330 2882 456 2947 Christo
479 2881 599 2966 pascha
621 2879 799 2946 celebrasse
819 2880 904 2951 feria,
920 2882 970 2963 V.,
992 2882 1131 2967 reliquos
1153 2883 1232 2947 seria
1253 2883 1306 2956 Vl.

82 2970 265 3055 ‚Objicitur
303 2991 388 3036 anno
421 2975 473 3035 76.
507 2969 635 3035 Juliano
668 2970 765 3051 etiam
797 2969 867 3048 hoc,
906 2972 992 3055 quod
1025 2978 1100 3037 tuno
1133 2969 1226 3037 Luna
1258 2961 1340 3037 XIV.

20 3060 162 3125 coelestis
192 3062 399 3143 praecesserit
434 3060 676 3141 aequinoctium¹
691 3064 724 3125 et
750 3060 795 3124 sic
816 3057 969 3132 incideritv
982 3060 1016 3124 in
1037 3059 1180 3124 ultimum
1202 3078 1342 3126 mensem

20 3149 105 3214 anni.
118 3147 245 3214 Judaici
268 3139 307 3212 ae*
328 3154 501 3235 propterea
523 3169 587 3212 non
609 3148 705 3223 fuerit
725 3133 894 3232 paschalis
940 3148 982 3214 Et
1002 3148 1125 3215 ridetur
1145 3148 1343 3232 Epiphanius

20 3238 97 3302 nihil
122 3236 171 3327 ad
203 3236 263 3303 hoc
285 3237 495 3322 respondisse.
541 3234 605 3301 Sed
626 3237 815 3320 responderi
835 3236 934 3302 facile
952 3243 1066 3322 potest.
1113 3236 1241 3302 Etenim
1263 3238 1343 3322 cycli

20 3328 110 3411 hujus
133 3330 176 3390 84
198 3344 354 3391 annorum
376 3332 490 3390 nutius
511 3324 592 3391 haec
616 3330 672 3405 ost,
696 3333 732 3390 ut
753 3324 1079 3392 creberrimehuuam
1093 3325 1177 3413 XIV.
1194 3327 1343 3394 exhibeat

20 3418 92 3479 ante
116 3415 360 3497 aequinoctium,
385 3413 526 3498 quamuis
548 3420 645 3497 caput
656 3413 788 3498 periodi
809 3415 948 3497 legitime
969 3415 1153 3485 collocetur.
1187 3417 1280 3482 *Nam
1300 3416 1343 3482 ob
1417 3435 1420 3443 ·

20 3505 49 3570 id
80 3504 186 3588 ipsum
217 3503 337 3568 exactis
366 3503 459 3567 annis
490 3507 532 3566 84
554 3503 748 3568 inducendus
771 3508 842 3567 erat
862 3504 979 3569 mensis
1001 3504 1136 3586 integer,
1165 3505 1343 3589 ut‘pascba

20 3593 156 3675 [lenique
186 3599 260 3676 post
281 3591 515 3679 aequinoctium
536 3591 700 3669 recideret,
732 3592 817 3674 quod
836 3595 904 3678 jam
925 3614 1020 3678 saepe
1042 3614 1105 3659 uno
1127 3613 1235 3658 mense
1256 3595 1340 3658 ince-

20 3682 118 3765 pisset
146 3681 333 3764 praevenire
355 3680 608 3763 aequinoctium.
652 3680 695 3744 Et
716 3700 775 3764 per
796 3701 831 3744 se
848 3680 980 3746 'constat
1002 3681 1052 3747 vel
1074 3683 1144 3747 sine
1166 3681 1341 3765 Epiphanii

20 3770 116 3852 cyclo,
149 3769 288 3834 ludaeos
318 3791 416 3853 usque
446 3769 489 3841 ad
519 3774 666 3851 tempora
695 3767 895 3839 Constantini
923 3771 1052 3853 saepius
1080 3791 1146 3836 uno
1173 3791 1259 3835 auno
1281 3770 1343 3836 duo

20 3859 176 3942 paschata
197 3857 383 3939 celebrasse,
408 3857 512 3923 altero
535 3878 619 3922 anno
642 3857 863 3939 aequinoctiali
885 3856 1056 3941 (Judaicol'
1070 3856 1207 3922 nullum'

104 3946 182 4011 dam
216 3947 313 4029 igitur
342 3947 447 4012 etiam
468 3942 511 4010 ad
540 3946 627 4030 prius
655 3944 831 4010 membrum
853 3946 1036 4029 regrediar:
1071 3946 1111 4011 de
1141 3954 1227 4012 statu
1256 3947 1342 4027 anni,

20 4058 96 4119 quo‘
118 4035 286 4100 contendit
314 4036 511 4120 Epiphanius
542 4034 701 4118 Christum
733 4055 806 4099 esse
832 4055 968 4117 passuun.
1008 4035 1188 4100 Veritatem
1218 4037 1345 4120 quidem

20 4130 80 4207 jam
103 4125 251 4207 explicui,
276 4145 371 4207 quam
393 4142 570 4208 proponam
590 4124 623 4187 iu
646 4121 777 4186 tabula:
814 4122 875 4189 Sed
898 4120 1094 4209 Epiphanius
1116 4125 1224 4189 aliter:
1253 4125 1343 4189 Nice-

20 4235 92 4279 nam
124 4213 253 4298 quidem
283 4214 405 4278 Lunam
435 4212 564 4296 reliquit
585 4212 619 4275 in
641 4213 704 4276 suis
726 4211 823 4290 feriis,
846 4214 988 4296 utrisque
1011 4233 1086 4277 uero
1110 4213 1256 4278 attribuit
1277 4214 1344 4277 dies

20 4304 136 4369 mensis
165 4302 311 4382 Romani,
343 4303 448 4369 triduo
470 4300 636 4366 distantes.
672 4300 725 4363 vEt
747 4303 821 4384 quia
842 4302 939 4385 verba
961 4302 1131 4385 Epiphanii
1154 4309 1227 4366 sunt
1248 4302 1345 4386 plena

20 4393 233 4473 tenebrarum,
258 4389 366 4476 typum
388 4392 599 4476 praemittam,
622 4389 669 4455 uti
691 4391 717 4454 is
736 4389 816 4453 mihi
839 4391 882 4455 ad
906 4389 1075 4475 Epiplranii
1090 4390 1186 4456 verba
1202 4390 1345 4456 correcta

20 4481 361 4549 conformandus'essc
381 4480 514 4546 videtur.
