<?xml version="1.0" encoding="UTF-8"?>
<!DOCTYPE html PUBLIC "-//W3C//DTD XHTML 1.0 Transitional//EN"
    "http://www.w3.org/TR/xhtml1/DTD/xhtml1-transitional.dtd">
<html xmlns="http://www.w3.org/1999/xhtml" xml:lang="en" lang="en">
 <head>
  <title>
</title>
<meta http-equiv="Content-Type" content="text/html;charset=utf-8" />
  <meta name='ocr-system' content='tesseract 3.04.00' />
  <meta name='ocr-capabilities' content='ocr_page ocr_carea ocr_par ocr_line ocrx_word'/>
</head>
<body>
  <div class='ocr_page' id='page_1' title='image "./joanniskepleria13frisgoog_0361.png"; bbox 0 0 3112 5474; ppageno 0'>
   <div class='ocr_carea' id='block_1_1' title="bbox 677 234 1123 331">
    <p class='ocr_par' dir='ltr' id='par_1_1' title="bbox 677 234 1123 331">
     <span class='ocr_line' id='line_1_1' title="bbox 677 234 1123 331; baseline 0 -10"><span class='ocrx_word' id='word_1_1' title='bbox 677 267 1013 331; x_wconf 64' lang='lat' dir='ltr'><strong>comresuscitati.</strong></span> <span class='ocrx_word' id='word_1_2' title='bbox 1121 234 1123 248; x_wconf 43' lang='grc' dir='ltr'>Ι</span> 
     </span>
    </p>
   </div>
   <div class='ocr_carea' id='block_1_2' title="bbox 621 587 975 706">
    <p class='ocr_par' dir='ltr' id='par_1_2' title="bbox 621 587 975 706">
     <span class='ocr_line' id='line_1_2' title="bbox 621 587 975 706; baseline -0.011 -40"><span class='ocrx_word' id='word_1_3' title='bbox 621 646 624 649; x_wconf 87' lang='lat'><em>-</em></span> <span class='ocrx_word' id='word_1_4' title='bbox 726 590 845 690; x_wconf 86' lang='lat' dir='ltr'><strong>Caput</strong></span> <span class='ocrx_word' id='word_1_5' title='bbox 868 587 975 706; x_wconf 93' lang='lat' dir='ltr'>XIII</span> 
     </span>
    </p>
   </div>
   <div class='ocr_carea' id='block_1_3' title="bbox 218 741 1555 1011">
    <p class='ocr_par' dir='ltr' id='par_1_3' title="bbox 218 741 1555 1011">
     <span class='ocr_line' id='line_1_3' title="bbox 218 741 1555 851; baseline -0.001 -16"><span class='ocrx_word' id='word_1_6' title='bbox 218 771 273 835; x_wconf 68' lang='lat' dir='ltr'><strong>ue</strong></span> <span class='ocrx_word' id='word_1_7' title='bbox 294 777 396 835; x_wconf 65' lang='lat' dir='ltr'><strong>aaa</strong></span> <span class='ocrx_word' id='word_1_8' title='bbox 418 765 555 842; x_wconf 66' lang='lat' dir='ltr'><strong>csse,</strong></span> <span class='ocrx_word' id='word_1_9' title='bbox 578 788 673 850; x_wconf 57' lang='lat' dir='ltr'><strong>aaa</strong></span> <span class='ocrx_word' id='word_1_10' title='bbox 694 767 726 831; x_wconf 72' lang='lat' dir='ltr'><strong>a·</strong></span> <span class='ocrx_word' id='word_1_11' title='bbox 744 767 856 832; x_wconf 74' lang='grc' dir='ltr'><strong>ιιιιιι</strong></span> <span class='ocrx_word' id='word_1_12' title='bbox 875 766 1080 850; x_wconf 49' lang='lat' dir='ltr'><strong>maereo</strong></span> <span class='ocrx_word' id='word_1_13' title='bbox 1094 768 1205 832; x_wconf 68' lang='grc' dir='ltr'><strong>[ιιι</strong></span> <span class='ocrx_word' id='word_1_14' title='bbox 1225 770 1272 833; x_wconf 71' lang='grc' dir='ltr'><strong>ιι</strong></span> <span class='ocrx_word' id='word_1_15' title='bbox 1291 768 1465 851; x_wconf 66' lang='lat' dir='ltr'><strong>sepem</strong></span> <span class='ocrx_word' id='word_1_16' title='bbox 1554 741 1555 746; x_wconf 65' lang='lat'>&#39;</span> 
     </span>
     <span class='ocr_line' id='line_1_4' title="bbox 361 856 1342 1011; baseline 0.001 -89"><span class='ocrx_word' id='word_1_17' title='bbox 361 858 528 931; x_wconf 79' lang='lat' dir='ltr'><strong>accedenti,</strong></span> <span class='ocrx_word' id='word_1_18' title='bbox 543 878 605 921; x_wconf 81' lang='grc' dir='ltr'><strong>ιιοιι</strong></span> <span class='ocrx_word' id='word_1_19' title='bbox 618 878 711 976; x_wconf 74' lang='lat' dir='ltr'><strong>posse</strong></span> <span class='ocrx_word' id='word_1_20' title='bbox 724 858 1069 1011; x_wconf 44' lang='lat' dir='ltr'><strong>amutannqesdqori</strong></span> <span class='ocrx_word' id='word_1_21' title='bbox 1082 879 1199 923; x_wconf 76' lang='lat' dir='ltr'><strong>camon</strong></span> <span class='ocrx_word' id='word_1_22' title='bbox 1215 856 1342 923; x_wconf 72' lang='grc' dir='ltr'><strong>Οινίιιι·</strong></span> 
     </span>
    </p>
   </div>
   <div class='ocr_carea' id='block_1_4' title="bbox 173 1124 1504 1386">
    <p class='ocr_par' dir='ltr' id='par_1_4' title="bbox 173 1124 1504 1386">
     <span class='ocr_line' id='line_1_5' title="bbox 263 1124 1501 1207; baseline -0.002 -19"><span class='ocrx_word' id='word_1_23' title='bbox 263 1124 417 1207; x_wconf 82' lang='lat' dir='ltr'><strong>Singulari</strong></span> <span class='ocrx_word' id='word_1_24' title='bbox 444 1145 510 1188; x_wconf 92' lang='lat' dir='ltr'><strong>cum</strong></span> <span class='ocrx_word' id='word_1_25' title='bbox 532 1125 690 1206; x_wconf 80' lang='lat' dir='ltr'><strong>diligentia</strong></span> <span class='ocrx_word' id='word_1_26' title='bbox 715 1125 877 1207; x_wconf 73' lang='lat' dir='ltr'><strong>descripsit</strong></span> <span class='ocrx_word' id='word_1_27' title='bbox 897 1125 1100 1207; x_wconf 78' lang='lat' dir='ltr'><strong>Evangelista</strong></span> <span class='ocrx_word' id='word_1_28' title='bbox 1120 1126 1222 1189; x_wconf 89' lang='lat' dir='ltr'><strong>Lucas</strong></span> <span class='ocrx_word' id='word_1_29' title='bbox 1244 1125 1277 1188; x_wconf 94' lang='lat' dir='ltr'><strong>id</strong></span> <span class='ocrx_word' id='word_1_30' title='bbox 1299 1132 1435 1206; x_wconf 89' lang='lat' dir='ltr'><strong>tempus,</strong></span> <span class='ocrx_word' id='word_1_31' title='bbox 1458 1142 1501 1205; x_wconf 83' lang='lat' dir='ltr'><strong>qno</strong></span> 
     </span>
     <span class='ocr_line' id='line_1_6' title="bbox 173 1214 1501 1299; baseline -0.004 -19"><span class='ocrx_word' id='word_1_32' title='bbox 173 1222 353 1299; x_wconf 72' lang='lat' dir='ltr'><strong>praecursor</strong></span> <span class='ocrx_word' id='word_1_33' title='bbox 367 1215 485 1280; x_wconf 77' lang='lat' dir='ltr'><strong>Christi</strong></span> <span class='ocrx_word' id='word_1_34' title='bbox 499 1215 850 1279; x_wconf 88' lang='lat' dir='ltr'><strong>Joauuesministerium</strong></span> <span class='ocrx_word' id='word_1_35' title='bbox 866 1233 951 1277; x_wconf 89' lang='lat' dir='ltr'><strong>sunm</strong></span> <span class='ocrx_word' id='word_1_36' title='bbox 967 1235 1094 1280; x_wconf 85' lang='grc' dir='ltr'><strong>ιιοιιιι</strong></span> <span class='ocrx_word' id='word_1_37' title='bbox 1110 1221 1171 1280; x_wconf 84' lang='lat' dir='ltr'><strong>est:</strong></span> <span class='ocrx_word' id='word_1_38' title='bbox 1194 1233 1376 1296; x_wconf 88' lang='lat' dir='ltr'><strong>rursumque</strong></span> <span class='ocrx_word' id='word_1_39' title='bbox 1390 1220 1425 1275; x_wconf 88' lang='grc' dir='ltr'><strong>ιι</strong></span> <span class='ocrx_word' id='word_1_40' title='bbox 1436 1214 1501 1294; x_wconf 86' lang='lat' dir='ltr'><strong>prius</strong></span> 
     </span>
     <span class='ocr_line' id='line_1_7' title="bbox 174 1303 1504 1386; baseline -0.004 -16"><span class='ocrx_word' id='word_1_41' title='bbox 174 1306 255 1370; x_wconf 86' lang='lat' dir='ltr'><strong>circa</strong></span> <span class='ocrx_word' id='word_1_42' title='bbox 270 1304 464 1368; x_wconf 76' lang='lat' dir='ltr'><strong>nativitatem</strong></span> <span class='ocrx_word' id='word_1_43' title='bbox 486 1305 561 1367; x_wconf 90' lang='lat' dir='ltr'><strong>trita</strong></span> <span class='ocrx_word' id='word_1_44' title='bbox 583 1305 735 1408; x_wconf 36' lang='lat' dir='ltr'><strong>et·vulgo&#39;</strong></span> <span class='ocrx_word' id='word_1_45' title='bbox 746 1311 872 1386; x_wconf 86' lang='lat' dir='ltr'><strong>recepta</strong></span> <span class='ocrx_word' id='word_1_46' title='bbox 892 1305 991 1367; x_wconf 84' lang='lat' dir='ltr'><strong>forma</strong></span> <span class='ocrx_word' id='word_1_47' title='bbox 1012 1305 1227 1386; x_wconf 82' lang='lat' dir='ltr'><strong>descriptionis</strong></span> <span class='ocrx_word' id='word_1_48' title='bbox 1249 1305 1351 1367; x_wconf 85' lang='lat' dir='ltr'><strong>utitur</strong></span> <span class='ocrx_word' id='word_1_49' title='bbox 1370 1321 1426 1384; x_wconf 87' lang='lat' dir='ltr'><strong>per</strong></span> <span class='ocrx_word' id='word_1_50' title='bbox 1444 1303 1504 1375; x_wconf 75' lang='lat' dir='ltr'><strong>illos</strong></span> 
     </span>
    </p>
   </div>
   <div class='ocr_carea' id='block_1_5' title="bbox 174 1392 1555 1478">
    <p class='ocr_par' dir='ltr' id='par_1_5' title="bbox 174 1392 1555 1478">
     <span class='ocr_line' id='line_1_8' title="bbox 174 1392 1555 1478; baseline -0.001 -22"><span class='ocrx_word' id='word_1_51' title='bbox 174 1395 223 1478; x_wconf 88' lang='lat' dir='ltr'><strong>qui</strong></span> <span class='ocrx_word' id='word_1_52' title='bbox 239 1411 339 1456; x_wconf 88' lang='lat' dir='ltr'><strong>rerum</strong></span> <span class='ocrx_word' id='word_1_53' title='bbox 353 1394 556 1474; x_wconf 85' lang='lat' dir='ltr'><strong>potiebantur.</strong></span> <span class='ocrx_word' id='word_1_54' title='bbox 596 1393 673 1457; x_wconf 82' lang='lat' dir='ltr'><strong>Gum</strong></span> <span class='ocrx_word' id='word_1_55' title='bbox 688 1393 773 1456; x_wconf 91' lang='lat' dir='ltr'><strong>cuim</strong></span> <span class='ocrx_word' id='word_1_56' title='bbox 782 1411 858 1475; x_wconf 83' lang='lat' dir='ltr'><strong>gens</strong></span> <span class='ocrx_word' id='word_1_57' title='bbox 871 1394 1058 1458; x_wconf 81' lang='lat' dir='ltr'><strong>Iudaeorum</strong></span> <span class='ocrx_word' id='word_1_58' title='bbox 1073 1402 1145 1457; x_wconf 87' lang='lat' dir='ltr'><strong>tuuc</strong></span> <span class='ocrx_word' id='word_1_59' title='bbox 1161 1393 1311 1474; x_wconf 90' lang='lat' dir='ltr'><strong>temporis</strong></span> <span class='ocrx_word' id='word_1_60' title='bbox 1328 1393 1385 1455; x_wconf 87' lang='lat' dir='ltr'><strong>suh</strong></span> <span class='ocrx_word' id='word_1_61' title='bbox 1399 1392 1505 1474; x_wconf 86' lang='lat' dir='ltr'><strong>plurim</strong></span> <span class='ocrx_word' id='word_1_62' title='bbox 1551 1414 1555 1447; x_wconf 68' lang='lat' dir='ltr'>x</span> 
     </span>
    </p>
   </div>
   <div class='ocr_carea' id='block_1_6' title="bbox 174 1482 1513 1566">
    <p class='ocr_par' dir='ltr' id='par_1_6' title="bbox 174 1482 1513 1566">
     <span class='ocr_line' id='line_1_9' title="bbox 174 1482 1513 1566; baseline -0.002 -20"><span class='ocrx_word' id='word_1_63' title='bbox 174 1484 360 1546; x_wconf 90' lang='lat' dir='ltr'><strong>dominatum</strong></span> <span class='ocrx_word' id='word_1_64' title='bbox 373 1490 460 1545; x_wconf 87' lang='lat' dir='ltr'><strong>esset</strong></span> <span class='ocrx_word' id='word_1_65' title='bbox 475 1484 653 1558; x_wconf 84' lang='lat' dir='ltr'><strong>distributa,</strong></span> <span class='ocrx_word' id='word_1_66' title='bbox 669 1501 736 1545; x_wconf 91' lang='lat' dir='ltr'><strong>cum</strong></span> <span class='ocrx_word' id='word_1_67' title='bbox 750 1482 889 1547; x_wconf 83' lang='lat' dir='ltr'><strong>Tiberius</strong></span> <span class='ocrx_word' id='word_1_68' title='bbox 909 1483 1026 1547; x_wconf 83' lang='lat' dir='ltr'><strong>Caesar</strong></span> <span class='ocrx_word' id='word_1_69' title='bbox 1039 1491 1256 1565; x_wconf 85' lang='lat' dir='ltr'><strong>praeterquam</strong></span> <span class='ocrx_word' id='word_1_70' title='bbox 1270 1482 1355 1566; x_wconf 91' lang='lat' dir='ltr'><strong>quod</strong></span> <span class='ocrx_word' id='word_1_71' title='bbox 1371 1482 1469 1545; x_wconf 87' lang='lat' dir='ltr'><strong>orbis</strong></span> <span class='ocrx_word' id='word_1_72' title='bbox 1462 1499 1513 1563; x_wconf 50' lang='lat' dir='ltr'><strong>my</strong></span> 
     </span>
    </p>
   </div>
   <div class='ocr_carea' id='block_1_7' title="bbox 173 1564 1553 1742">
    <p class='ocr_par' dir='ltr' id='par_1_7' title="bbox 173 1564 1553 1742">
     <span class='ocr_line' id='line_1_10' title="bbox 173 1564 1553 1676; baseline -0.001 -42"><span class='ocrx_word' id='word_1_73' title='bbox 173 1572 289 1655; x_wconf 89' lang='lat' dir='ltr'><strong>perium</strong></span> <span class='ocrx_word' id='word_1_74' title='bbox 305 1572 473 1647; x_wconf 81' lang='lat' dir='ltr'><strong>obtinebat,</strong></span> <span class='ocrx_word' id='word_1_75' title='bbox 481 1572 662 1636; x_wconf 82' lang='lat' dir='ltr'><strong>Judaeam&#39;</strong></span> <span class='ocrx_word' id='word_1_76' title='bbox 654 1591 778 1653; x_wconf 79' lang='lat' dir='ltr'><strong>iusuper</strong></span> <span class='ocrx_word' id='word_1_77' title='bbox 792 1580 825 1635; x_wconf 89' lang='lat' dir='ltr'><strong>et</strong></span> <span class='ocrx_word' id='word_1_78' title='bbox 840 1571 1012 1635; x_wconf 83' lang='lat' dir='ltr'><strong>Samariam</strong></span> <span class='ocrx_word' id='word_1_79' title='bbox 1027 1573 1096 1635; x_wconf 92' lang='lat' dir='ltr'><strong>iude</strong></span> <span class='ocrx_word' id='word_1_80' title='bbox 1113 1564 1152 1636; x_wconf 85' lang='lat' dir='ltr'><strong>ab</strong></span> <span class='ocrx_word' id='word_1_81' title='bbox 1166 1572 1324 1676; x_wconf 69' lang='lat' dir='ltr'><strong>Augusto,</strong></span> <span class='ocrx_word' id='word_1_82' title='bbox 1339 1590 1390 1674; x_wconf 76' lang='lat' dir='ltr'><strong>qus</strong></span> <span class='ocrx_word' id='word_1_83' title='bbox 1381 1570 1505 1634; x_wconf 80' lang='lat' dir='ltr'><strong>Arche-</strong></span> <span class='ocrx_word' id='word_1_84' title='bbox 1551 1597 1553 1605; x_wconf 38' lang='grc' dir='ltr'><strong>ι</strong></span> 
     </span>
     <span class='ocr_line' id='line_1_11' title="bbox 175 1657 1553 1742; baseline -0.004 -17"><span class='ocrx_word' id='word_1_85' title='bbox 175 1663 256 1725; x_wconf 91' lang='lat' dir='ltr'><strong>laum</strong></span> <span class='ocrx_word' id='word_1_86' title='bbox 272 1662 418 1742; x_wconf 89' lang='lat' dir='ltr'><strong>ejecerat,</strong></span> <span class='ocrx_word' id='word_1_87' title='bbox 433 1662 518 1723; x_wconf 85' lang='lat' dir='ltr'><strong>velut</strong></span> <span class='ocrx_word' id='word_1_88' title='bbox 532 1660 763 1725; x_wconf 88' lang='lat' dir='ltr'><strong>haereditario&#39;</strong></span> <span class='ocrx_word' id='word_1_89' title='bbox 749 1681 818 1741; x_wconf 80' lang='lat' dir='ltr'><strong>Jure</strong></span> <span class='ocrx_word' id='word_1_90' title='bbox 835 1662 1021 1742; x_wconf 81' lang='lat' dir='ltr'><strong>accepisset,</strong></span> <span class='ocrx_word' id='word_1_91' title='bbox 1042 1662 1099 1724; x_wconf 83' lang='lat' dir='ltr'><strong>ita</strong></span> <span class='ocrx_word' id='word_1_92' title='bbox 1104 1662 1212 1724; x_wconf 84' lang='lat' dir='ltr'><strong>athas</strong></span> <span class='ocrx_word' id='word_1_93' title='bbox 1228 1661 1409 1742; x_wconf 86' lang='lat' dir='ltr'><strong>provinciae</strong></span> <span class='ocrx_word' id='word_1_94' title='bbox 1423 1677 1506 1740; x_wconf 76' lang='lat' dir='ltr'><strong>regen</strong></span> <span class='ocrx_word' id='word_1_95' title='bbox 1550 1657 1553 1712; x_wconf 74' lang='grc' dir='ltr'>ἑ</span> 
     </span>
    </p>
   </div>
   <div class='ocr_carea' id='block_1_8' title="bbox 173 1748 1506 1922">
    <p class='ocr_par' dir='ltr' id='par_1_8' title="bbox 173 1748 1506 1922">
     <span class='ocr_line' id='line_1_12' title="bbox 174 1748 1506 1825; baseline -0.005 -11"><span class='ocrx_word' id='word_1_96' title='bbox 174 1770 235 1814; x_wconf 89' lang='lat' dir='ltr'><strong>nou</strong></span> <span class='ocrx_word' id='word_1_97' title='bbox 250 1750 445 1814; x_wconf 89' lang='lat' dir='ltr'><strong>haberent&#39;</strong></span> <span class='ocrx_word' id='word_1_98' title='bbox 415 1770 481 1813; x_wconf 79' lang='lat' dir='ltr'><strong>nusi</strong></span> <span class='ocrx_word' id='word_1_99' title='bbox 465 1749 672 1814; x_wconf 75' lang='lat' dir='ltr'><strong>⁸(laesarem.</strong></span> <span class='ocrx_word' id='word_1_100' title='bbox 697 1748 839 1813; x_wconf 85' lang='lat' dir='ltr'><strong>Galilaea</strong></span> <span class='ocrx_word' id='word_1_101' title='bbox 860 1766 931 1813; x_wconf 87' lang='lat' dir='ltr'><strong>vero</strong></span> <span class='ocrx_word' id='word_1_102' title='bbox 948 1752 1113 1814; x_wconf 88' lang='lat' dir='ltr'><strong>etPeraea</strong></span> <span class='ocrx_word' id='word_1_103' title='bbox 1129 1751 1258 1825; x_wconf 85' lang='lat' dir='ltr'><strong>Herodi,</strong></span> <span class='ocrx_word' id='word_1_104' title='bbox 1281 1748 1506 1813; x_wconf 85' lang='lat' dir='ltr'><strong>Trachonitisct</strong></span> 
     </span>
     <span class='ocr_line' id='line_1_13' title="bbox 173 1838 1505 1922; baseline -0.004 -19"><span class='ocrx_word' id='word_1_105' title='bbox 173 1841 297 1903; x_wconf 89' lang='lat' dir='ltr'><strong>Ituraea</strong></span> <span class='ocrx_word' id='word_1_106' title='bbox 311 1840 468 1922; x_wconf 88' lang='lat' dir='ltr'><strong>Philippo,</strong></span> <span class='ocrx_word' id='word_1_107' title='bbox 483 1841 613 1903; x_wconf 85' lang='lat' dir='ltr'><strong>Abilene</strong></span> <span class='ocrx_word' id='word_1_108' title='bbox 628 1839 796 1921; x_wconf 85' lang='lat' dir='ltr'><strong>Lysaniae,</strong></span> <span class='ocrx_word' id='word_1_109' title='bbox 819 1839 999 1915; x_wconf 84' lang='lat' dir='ltr'><strong>tetrarchis,</strong></span> <span class='ocrx_word' id='word_1_110' title='bbox 1026 1840 1186 1914; x_wconf 83' lang='lat' dir='ltr'><strong>Caesaris,</strong></span> <span class='ocrx_word' id='word_1_111' title='bbox 1200 1847 1237 1901; x_wconf 91' lang='lat' dir='ltr'><strong>ut</strong></span> <span class='ocrx_word' id='word_1_112' title='bbox 1252 1847 1364 1902; x_wconf 91' lang='lat' dir='ltr'><strong>nostro</strong></span> <span class='ocrx_word' id='word_1_113' title='bbox 1379 1857 1458 1901; x_wconf 88' lang='lat' dir='ltr'><strong>more</strong></span> <span class='ocrx_word' id='word_1_114' title='bbox 1471 1838 1505 1898; x_wconf 81' lang='lat' dir='ltr'><strong>lo</strong></span> 
     </span>
    </p>
   </div>
   <div class='ocr_carea' id='block_1_9' title="bbox 168 1928 1555 2033">
    <p class='ocr_par' dir='ltr' id='par_1_9' title="bbox 168 1928 1555 2033">
     <span class='ocr_line' id='line_1_14' title="bbox 168 1928 1555 2033; baseline 0.001 -41"><span class='ocrx_word' id='word_1_115' title='bbox 168 1948 257 2012; x_wconf 89' lang='lat' dir='ltr'><strong>quar,</strong></span> <span class='ocrx_word' id='word_1_116' title='bbox 273 1928 399 1992; x_wconf 86' lang='lat' dir='ltr'><strong>vasallis</strong></span> <span class='ocrx_word' id='word_1_117' title='bbox 413 1938 574 2009; x_wconf 89' lang='lat' dir='ltr'><strong>parerent.</strong></span> <span class='ocrx_word' id='word_1_118' title='bbox 599 1928 729 1992; x_wconf 78' lang='lat' dir='ltr'><strong>historia</strong></span> <span class='ocrx_word' id='word_1_119' title='bbox 749 1947 838 2002; x_wconf 88' lang='lat' dir='ltr'><strong>vero,</strong></span> <span class='ocrx_word' id='word_1_120' title='bbox 860 1947 953 2033; x_wconf 80' lang='lat' dir='ltr'><strong>quam</strong></span> <span class='ocrx_word' id='word_1_121' title='bbox 964 1929 1066 1992; x_wconf 89' lang='lat' dir='ltr'><strong>Lucas</strong></span> <span class='ocrx_word' id='word_1_122' title='bbox 1087 1936 1155 1992; x_wconf 85' lang='lat' dir='ltr'><strong>erat</strong></span> <span class='ocrx_word' id='word_1_123' title='bbox 1171 1929 1402 2033; x_wconf 72' lang='lat' dir='ltr'><strong>descripturus,</strong></span> <span class='ocrx_word' id='word_1_124' title='bbox 1424 1943 1506 1988; x_wconf 84' lang='lat' dir='ltr'><strong>omues</strong></span> <span class='ocrx_word' id='word_1_125' title='bbox 1546 1946 1555 1994; x_wconf 66' lang='grc' dir='ltr'><strong><em>ιέ</em></strong></span> 
     </span>
    </p>
   </div>
   <div class='ocr_carea' id='block_1_10' title="bbox 173 2016 1504 2107">
    <p class='ocr_par' dir='ltr' id='par_1_10' title="bbox 173 2016 1504 2107">
     <span class='ocr_line' id='line_1_15' title="bbox 173 2016 1504 2107; baseline -0.004 -26"><span class='ocrx_word' id='word_1_126' title='bbox 173 2020 251 2081; x_wconf 87' lang='lat' dir='ltr'><strong>istas</strong></span> <span class='ocrx_word' id='word_1_127' title='bbox 267 2018 439 2100; x_wconf 80' lang='lat' dir='ltr'><strong>provincias</strong></span> <span class='ocrx_word' id='word_1_128' title='bbox 455 2020 616 2081; x_wconf 91' lang='lat' dir='ltr'><strong>attineret·</strong></span> <span class='ocrx_word' id='word_1_129' title='bbox 632 2017 837 2080; x_wconf 89' lang='lat' dir='ltr'><strong>necessarium</strong></span> <span class='ocrx_word' id='word_1_130' title='bbox 852 2018 1180 2099; x_wconf 78' lang='lat' dir='ltr'><strong>censuitEraugelista</strong></span> <span class='ocrx_word' id='word_1_131' title='bbox 1188 2019 1303 2092; x_wconf 88' lang='lat' dir='ltr'><strong>Lucas,</strong></span> <span class='ocrx_word' id='word_1_132' title='bbox 1322 2017 1451 2107; x_wconf 84' lang='lat' dir='ltr'><strong>omniurn</strong></span> <span class='ocrx_word' id='word_1_133' title='bbox 1462 2016 1504 2077; x_wconf 83' lang='lat' dir='ltr'><strong>ho</strong></span> 
     </span>
    </p>
   </div>
   <div class='ocr_carea' id='block_1_11' title="bbox 174 2107 1556 2187">
    <p class='ocr_par' dir='ltr' id='par_1_11' title="bbox 174 2107 1556 2190">
     <span class='ocr_line' id='line_1_16' title="bbox 174 2107 1556 2187; baseline -0.004 -16"><span class='ocrx_word' id='word_1_134' title='bbox 174 2127 240 2171; x_wconf 90' lang='lat' dir='ltr'><strong>rum</strong></span> <span class='ocrx_word' id='word_1_135' title='bbox 255 2107 473 2170; x_wconf 87' lang='lat' dir='ltr'><strong>dominantium</strong></span> <span class='ocrx_word' id='word_1_136' title='bbox 489 2107 667 2170; x_wconf 87' lang='lat' dir='ltr'><strong>nominatim</strong></span> <span class='ocrx_word' id='word_1_137' title='bbox 681 2107 869 2182; x_wconf 86' lang='lat' dir='ltr'><strong>meminisse,</strong></span> <span class='ocrx_word' id='word_1_138' title='bbox 893 2107 1029 2187; x_wconf 81' lang='lat' dir='ltr'><strong>inprimis</strong></span> <span class='ocrx_word' id='word_1_139' title='bbox 1048 2127 1121 2170; x_wconf 84' lang='lat' dir='ltr'><strong>vero</strong></span> <span class='ocrx_word' id='word_1_140' title='bbox 1141 2108 1264 2171; x_wconf 86' lang='lat' dir='ltr'><strong>notavit</strong></span> <span class='ocrx_word' id='word_1_141' title='bbox 1279 2112 1414 2171; x_wconf 89' lang='lat' dir='ltr'><strong>certum</strong></span> <span class='ocrx_word' id='word_1_142' title='bbox 1416 2121 1504 2174; x_wconf 82' lang='lat' dir='ltr'><strong>annun</strong></span> <span class='ocrx_word' id='word_1_143' title='bbox 1548 2136 1556 2157; x_wconf 58' lang='lat' dir='ltr'><strong>a</strong></span> 
     </span>
    </p>
   </div>
   <div class='ocr_carea' id='block_1_12' title="bbox 173 2196 1556 2546">
    <p class='ocr_par' dir='ltr' id='par_1_12' title="bbox 173 2196 1556 2546">
     <span class='ocr_line' id='line_1_17' title="bbox 173 2196 1556 2278; baseline -0.001 -18"><span class='ocrx_word' id='word_1_144' title='bbox 173 2197 289 2278; x_wconf 78' lang='lat' dir='ltr'><strong>imperii</strong></span> <span class='ocrx_word' id='word_1_145' title='bbox 281 2196 427 2272; x_wconf 75' lang='lat' dir='ltr'><strong>&#39;Tiberii</strong></span> <span class='ocrx_word' id='word_1_146' title='bbox 442 2203 478 2258; x_wconf 93' lang='lat' dir='ltr'><strong>ut</strong></span> <span class='ocrx_word' id='word_1_147' title='bbox 491 2196 731 2270; x_wconf 88' lang='lat' dir='ltr'><strong>monarchae,</strong></span> <span class='ocrx_word' id='word_1_148' title='bbox 746 2196 786 2258; x_wconf 86' lang='lat' dir='ltr'><strong>ad</strong></span> <span class='ocrx_word' id='word_1_149' title='bbox 801 2196 886 2277; x_wconf 80' lang='lat' dir='ltr'><strong>cujus</strong></span> <span class='ocrx_word' id='word_1_150' title='bbox 902 2196 1048 2264; x_wconf 89' lang='lat' dir='ltr'><strong>ditionem</strong></span> <span class='ocrx_word' id='word_1_151' title='bbox 1062 2197 1238 2278; x_wconf 86' lang='lat' dir='ltr'><strong>pertinebat</strong></span> <span class='ocrx_word' id='word_1_152' title='bbox 1251 2196 1434 2277; x_wconf 86' lang='lat' dir='ltr'><strong>metropolis</strong></span> <span class='ocrx_word' id='word_1_153' title='bbox 1447 2213 1504 2275; x_wconf 77' lang='lat' dir='ltr'><strong>qen·</strong></span> <span class='ocrx_word' id='word_1_154' title='bbox 1546 2217 1556 2245; x_wconf 65' lang='lat' dir='ltr'><strong>s</strong></span> 
     </span>
     <span class='ocr_line' id='line_1_18' title="bbox 175 2285 1556 2367; baseline -0.001 -19"><span class='ocrx_word' id='word_1_155' title='bbox 175 2288 225 2360; x_wconf 86' lang='lat' dir='ltr'><strong>tis,</strong></span> <span class='ocrx_word' id='word_1_156' title='bbox 240 2286 261 2348; x_wconf 93' lang='lat' dir='ltr'><strong>J</strong></span> <span class='ocrx_word' id='word_1_157' title='bbox 262 2285 440 2367; x_wconf 86' lang='lat' dir='ltr'><strong>erosolyma,</strong></span> <span class='ocrx_word' id='word_1_158' title='bbox 456 2304 567 2348; x_wconf 90' lang='lat' dir='ltr'><strong>anuum</strong></span> <span class='ocrx_word' id='word_1_159' title='bbox 581 2285 719 2348; x_wconf 84' lang='lat' dir='ltr'><strong>nimirum</strong></span> <span class='ocrx_word' id='word_1_160' title='bbox 734 2285 880 2348; x_wconf 88' lang='lat' dir='ltr'><strong>decimum</strong></span> <span class='ocrx_word' id='word_1_161' title='bbox 897 2285 1041 2367; x_wconf 86' lang='lat' dir='ltr'><strong>quintum</strong></span> <span class='ocrx_word' id='word_1_162' title='bbox 1088 2286 1163 2351; x_wconf 80' lang='lat' dir='ltr'><strong>(lum</strong></span> <span class='ocrx_word' id='word_1_163' title='bbox 1186 2306 1260 2348; x_wconf 86' lang='lat' dir='ltr'><strong>vcro</strong></span> <span class='ocrx_word' id='word_1_164' title='bbox 1276 2285 1421 2350; x_wconf 74' lang='lat' dir='ltr'><strong>Tiberim</strong></span> <span class='ocrx_word' id='word_1_165' title='bbox 1433 2285 1504 2347; x_wconf 77' lang='lat' dir='ltr'><strong>lero</strong></span> <span class='ocrx_word' id='word_1_166' title='bbox 1545 2310 1556 2336; x_wconf 70' lang='lat' dir='ltr'><strong>s</strong></span> 
     </span>
     <span class='ocr_line' id='line_1_19' title="bbox 174 2374 1556 2480; baseline -0.001 -42"><span class='ocrx_word' id='word_1_167' title='bbox 174 2376 291 2457; x_wconf 86' lang='lat' dir='ltr'><strong>solyma</strong></span> <span class='ocrx_word' id='word_1_168' title='bbox 307 2375 419 2437; x_wconf 85' lang='lat' dir='ltr'><strong>absens</strong></span> <span class='ocrx_word' id='word_1_169' title='bbox 435 2382 520 2437; x_wconf 87' lang='lat' dir='ltr'><strong>esset</strong></span> <span class='ocrx_word' id='word_1_170' title='bbox 534 2374 895 2456; x_wconf 85' lang='lat' dir='ltr'><strong>provinciarumqueejus</strong></span> <span class='ocrx_word' id='word_1_171' title='bbox 910 2393 1038 2480; x_wconf 77' lang='lat' dir='ltr'><strong>maguus</strong></span> <span class='ocrx_word' id='word_1_172' title='bbox 1054 2383 1139 2438; x_wconf 87' lang='lat' dir='ltr'><strong>esset</strong></span> <span class='ocrx_word' id='word_1_173' title='bbox 1152 2394 1307 2449; x_wconf 87' lang='lat' dir='ltr'><strong>numerus,</strong></span> <span class='ocrx_word' id='word_1_174' title='bbox 1324 2375 1413 2437; x_wconf 86' lang='lat' dir='ltr'><strong>addit</strong></span> <span class='ocrx_word' id='word_1_175' title='bbox 1425 2374 1505 2436; x_wconf 74' lang='lat' dir='ltr'><strong>Lucu</strong></span> <span class='ocrx_word' id='word_1_176' title='bbox 1545 2399 1556 2417; x_wconf 57' lang='grc' dir='ltr'><strong>ι</strong></span> 
     </span>
     <span class='ocr_line' id='line_1_20' title="bbox 174 2462 1555 2546; baseline -0.003 -19"><span class='ocrx_word' id='word_1_177' title='bbox 174 2471 208 2527; x_wconf 91' lang='grc' dir='ltr'><strong>ιι</strong></span> <span class='ocrx_word' id='word_1_178' title='bbox 221 2464 392 2545; x_wconf 87' lang='lat' dir='ltr'><strong>praesidem</strong></span> <span class='ocrx_word' id='word_1_179' title='bbox 406 2464 519 2527; x_wconf 87' lang='lat' dir='ltr'><strong>Tiberii</strong></span> <span class='ocrx_word' id='word_1_180' title='bbox 534 2464 676 2528; x_wconf 89' lang='lat' dir='ltr'><strong>Pontium</strong></span> <span class='ocrx_word' id='word_1_181' title='bbox 691 2463 824 2527; x_wconf 88' lang='lat' dir='ltr'><strong>Pilatum</strong></span> <span class='ocrx_word' id='word_1_182' title='bbox 847 2472 880 2526; x_wconf 92' lang='grc' dir='ltr'><strong>ιι</strong></span> <span class='ocrx_word' id='word_1_183' title='bbox 900 2464 1052 2545; x_wconf 90' lang='lat' dir='ltr'><strong>principes</strong></span> <span class='ocrx_word' id='word_1_184' title='bbox 1068 2465 1170 2546; x_wconf 84' lang='lat' dir='ltr'><strong>gentis</strong></span> <span class='ocrx_word' id='word_1_185' title='bbox 1184 2465 1312 2528; x_wconf 89' lang='lat' dir='ltr'><strong>Auuam</strong></span> <span class='ocrx_word' id='word_1_186' title='bbox 1328 2472 1362 2527; x_wconf 87' lang='lat' dir='ltr'><strong>et</strong></span> <span class='ocrx_word' id='word_1_187' title='bbox 1376 2462 1503 2544; x_wconf 76' lang='grc' dir='ltr'><strong>Οιιριιι</strong></span> <span class='ocrx_word' id='word_1_188' title='bbox 1545 2501 1555 2515; x_wconf 78' lang='lat'><em>.</em></span> 
     </span>
    </p>
   </div>
   <div class='ocr_carea' id='block_1_13' title="bbox 108 2549 1544 2658">
    <p class='ocr_par' dir='ltr' id='par_1_13' title="bbox 108 2549 1544 2658">
     <span class='ocr_line' id='line_1_21' title="bbox 108 2549 1544 2658; baseline -0.002 -41"><span class='ocrx_word' id='word_1_189' title='bbox 108 2549 112 2558; x_wconf 83' lang='grc'><strong>’</strong></span> <span class='ocrx_word' id='word_1_190' title='bbox 173 2573 305 2617; x_wconf 89' lang='lat' dir='ltr'><strong>summos</strong></span> <span class='ocrx_word' id='word_1_191' title='bbox 319 2553 488 2641; x_wconf 82' lang='lat' dir='ltr'><strong>pontifices.</strong></span> <span class='ocrx_word' id='word_1_192' title='bbox 533 2554 604 2616; x_wconf 83' lang='lat' dir='ltr'><strong>Jaut</strong></span> <span class='ocrx_word' id='word_1_193' title='bbox 626 2571 730 2658; x_wconf 88' lang='lat' dir='ltr'><strong>supra</strong></span> <span class='ocrx_word' id='word_1_194' title='bbox 740 2572 812 2615; x_wconf 88' lang='lat' dir='ltr'><strong>vero</strong></span> <span class='ocrx_word' id='word_1_195' title='bbox 835 2553 1035 2616; x_wconf 88' lang='lat' dir='ltr'><strong>constitutum</strong></span> <span class='ocrx_word' id='word_1_196' title='bbox 1056 2555 1114 2616; x_wconf 88' lang='lat' dir='ltr'><strong>fuit</strong></span> <span class='ocrx_word' id='word_1_197' title='bbox 1127 2572 1210 2617; x_wconf 89' lang='lat' dir='ltr'><strong>more</strong></span> <span class='ocrx_word' id='word_1_198' title='bbox 1225 2553 1360 2618; x_wconf 84' lang='lat' dir='ltr'><strong>Judaico</strong></span> <span class='ocrx_word' id='word_1_199' title='bbox 1374 2551 1501 2615; x_wconf 70' lang='lat' dir='ltr'><strong>seusus</strong></span> <span class='ocrx_word' id='word_1_200' title='bbox 1541 2615 1544 2630; x_wconf 54' lang='lat'><strong>,</strong></span> 
     </span>
    </p>
   </div>
   <div class='ocr_carea' id='block_1_14' title="bbox 172 2632 1556 2837">
    <p class='ocr_par' dir='ltr' id='par_1_14' title="bbox 172 2632 1556 2814">
     <span class='ocr_line' id='line_1_22' title="bbox 174 2632 1501 2723; baseline -0.004 -17"><span class='ocrx_word' id='word_1_201' title='bbox 174 2644 258 2716; x_wconf 87' lang='lat' dir='ltr'><strong>simo,</strong></span> <span class='ocrx_word' id='word_1_202' title='bbox 276 2642 325 2705; x_wconf 83' lang='lat'><strong>15</strong></span> <span class='ocrx_word' id='word_1_203' title='bbox 340 2643 453 2708; x_wconf 88' lang='lat' dir='ltr'><strong>Tiberii</strong></span> <span class='ocrx_word' id='word_1_204' title='bbox 469 2643 586 2705; x_wconf 89' lang='lat' dir='ltr'><strong>censeri</strong></span> <span class='ocrx_word' id='word_1_205' title='bbox 601 2663 621 2705; x_wconf 91' lang='lat' dir='ltr'><strong>a</strong></span> <span class='ocrx_word' id='word_1_206' title='bbox 635 2642 782 2723; x_wconf 91' lang='lat' dir='ltr'><strong>principio</strong></span> <span class='ocrx_word' id='word_1_207' title='bbox 798 2662 869 2705; x_wconf 88' lang='lat' dir='ltr'><strong>auur</strong></span> <span class='ocrx_word' id='word_1_208' title='bbox 860 2632 1003 2706; x_wconf 85' lang='lat' dir='ltr'><strong>’Judaici</strong></span> <span class='ocrx_word' id='word_1_209' title='bbox 1020 2643 1114 2720; x_wconf 88' lang='lat' dir='ltr'><strong>civili,</strong></span> <span class='ocrx_word' id='word_1_210' title='bbox 1135 2643 1289 2706; x_wconf 89' lang='lat' dir='ltr'><strong>sciliceta</strong></span> <span class='ocrx_word' id='word_1_211' title='bbox 1304 2662 1412 2706; x_wconf 88' lang='lat' dir='ltr'><strong>meuse</strong></span> <span class='ocrx_word' id='word_1_212' title='bbox 1424 2641 1501 2704; x_wconf 76' lang='lat' dir='ltr'><strong>Nau</strong></span> 
     </span>
     <span class='ocr_line' id='line_1_23' title="bbox 172 2727 1556 2837; baseline -0.004 -42"><span class='ocrx_word' id='word_1_213' title='bbox 172 2733 312 2814; x_wconf 86' lang='lat' dir='ltr'><strong>paschali</strong></span> <span class='ocrx_word' id='word_1_214' title='bbox 334 2733 406 2796; x_wconf 91' lang='lat' dir='ltr'><strong>anui</strong></span> <span class='ocrx_word' id='word_1_215' title='bbox 426 2731 540 2795; x_wconf 88' lang='lat' dir='ltr'><strong>Juliani</strong></span> <span class='ocrx_word' id='word_1_216' title='bbox 556 2727 607 2796; x_wconf 89' lang='grc'><strong>73.</strong></span> <span class='ocrx_word' id='word_1_217' title='bbox 630 2743 724 2813; x_wconf 92' lang='lat' dir='ltr'><strong>usque</strong></span> <span class='ocrx_word' id='word_1_218' title='bbox 747 2731 786 2794; x_wconf 91' lang='lat' dir='ltr'><strong>ad</strong></span> <span class='ocrx_word' id='word_1_219' title='bbox 803 2739 985 2837; x_wconf 83' lang='lat' dir='ltr'><strong>sequentem</strong></span> <span class='ocrx_word' id='word_1_220' title='bbox 999 2732 1100 2796; x_wconf 89' lang='lat' dir='ltr'><strong>Nisau</strong></span> <span class='ocrx_word' id='word_1_221' title='bbox 1121 2752 1191 2795; x_wconf 85' lang='lat' dir='ltr'><strong>auur</strong></span> <span class='ocrx_word' id='word_1_222' title='bbox 1182 2728 1265 2806; x_wconf 93' lang='grc'><strong>’74,</strong></span> <span class='ocrx_word' id='word_1_223' title='bbox 1294 2752 1359 2795; x_wconf 89' lang='lat' dir='ltr'><strong>uon</strong></span> <span class='ocrx_word' id='word_1_224' title='bbox 1381 2733 1501 2794; x_wconf 79' lang='lat' dir='ltr'><strong>obstante</strong></span> <span class='ocrx_word' id='word_1_225' title='bbox 1540 2758 1556 2782; x_wconf 63' lang='grc' dir='ltr'><em>ε</em></span> 
     </span>
    </p>
   </div>
   <div class='ocr_carea' id='block_1_15' title="bbox 173 2817 1542 2910">
    <p class='ocr_par' dir='ltr' id='par_1_15' title="bbox 173 2817 1542 2910">
     <span class='ocr_line' id='line_1_24' title="bbox 173 2817 1542 2910; baseline -0.001 -26"><span class='ocrx_word' id='word_1_226' title='bbox 173 2821 253 2904; x_wconf 92' lang='lat' dir='ltr'><strong>quod</strong></span> <span class='ocrx_word' id='word_1_227' title='bbox 267 2821 380 2884; x_wconf 90' lang='lat' dir='ltr'><strong>natalis</strong></span> <span class='ocrx_word' id='word_1_228' title='bbox 395 2821 512 2902; x_wconf 89' lang='lat' dir='ltr'><strong>imperii</strong></span> <span class='ocrx_word' id='word_1_229' title='bbox 528 2841 581 2884; x_wconf 87' lang='grc' dir='ltr'><strong>ιιι</strong></span> <span class='ocrx_word' id='word_1_230' title='bbox 597 2821 663 2883; x_wconf 95' lang='lat' dir='ltr'><strong>dies</strong></span> <span class='ocrx_word' id='word_1_231' title='bbox 679 2821 879 2884; x_wconf 87' lang='lat' dir='ltr'><strong>successionis</strong></span> <span class='ocrx_word' id='word_1_232' title='bbox 894 2841 954 2884; x_wconf 91' lang='lat' dir='ltr'><strong>nou</strong></span> <span class='ocrx_word' id='word_1_233' title='bbox 969 2840 1073 2884; x_wconf 88' lang='lat' dir='ltr'><strong>meuse</strong></span> <span class='ocrx_word' id='word_1_234' title='bbox 1084 2820 1182 2885; x_wconf 91' lang='lat' dir='ltr'><strong>Nisau</strong></span> <span class='ocrx_word' id='word_1_235' title='bbox 1196 2822 1370 2902; x_wconf 85' lang='lat' dir='ltr'><strong>velAprili,</strong></span> <span class='ocrx_word' id='word_1_236' title='bbox 1386 2820 1500 2900; x_wconf 81' lang='lat' dir='ltr'><strong>sedpes·</strong></span> <span class='ocrx_word' id='word_1_237' title='bbox 1539 2817 1542 2910; x_wconf 68' lang='lat'><strong>,</strong></span> 
     </span>
    </p>
   </div>
   <div class='ocr_carea' id='block_1_16' title="bbox 174 2909 1546 2993">
    <p class='ocr_par' dir='ltr' id='par_1_16' title="bbox 174 2909 1546 2993">
     <span class='ocr_line' id='line_1_25' title="bbox 174 2909 1546 2993; baseline -0.006 -19"><span class='ocrx_word' id='word_1_238' title='bbox 174 2912 269 2975; x_wconf 87' lang='lat' dir='ltr'><strong>terius</strong></span> <span class='ocrx_word' id='word_1_239' title='bbox 289 2929 392 2984; x_wconf 79' lang='lat' dir='ltr'><strong>mense</strong></span> <span class='ocrx_word' id='word_1_240' title='bbox 413 2912 557 2990; x_wconf 82' lang='lat' dir='ltr'><strong>Augusto</strong></span> <span class='ocrx_word' id='word_1_241' title='bbox 578 2917 756 2973; x_wconf 84' lang='lat' dir='ltr'><strong>recurreret</strong></span> <span class='ocrx_word' id='word_1_242' title='bbox 802 2909 946 2993; x_wconf 86' lang='lat' dir='ltr'><strong>Sequitur</strong></span> <span class='ocrx_word' id='word_1_243' title='bbox 966 2911 1073 2992; x_wconf 77' lang='lat' dir='ltr'><strong>igitur,</strong></span> <span class='ocrx_word' id='word_1_244' title='bbox 1098 2911 1250 2974; x_wconf 85' lang='lat' dir='ltr'><strong>Joeuuem</strong></span> <span class='ocrx_word' id='word_1_245' title='bbox 1268 2910 1422 2992; x_wconf 88' lang='lat' dir='ltr'><strong>incepisse</strong></span> <span class='ocrx_word' id='word_1_246' title='bbox 1442 2910 1501 2971; x_wconf 82' lang='lat' dir='ltr'><strong>iuter</strong></span> <span class='ocrx_word' id='word_1_247' title='bbox 1538 2959 1546 2993; x_wconf 65' lang='lat' dir='ltr'><strong>r</strong></span> 
     </span>
    </p>
   </div>
   <div class='ocr_carea' id='block_1_17' title="bbox 60 2994 1541 3086">
    <p class='ocr_par' dir='ltr' id='par_1_17' title="bbox 60 2994 1541 3086">
     <span class='ocr_line' id='line_1_26' title="bbox 60 2994 1541 3086; baseline 0.003 -24"><span class='ocrx_word' id='word_1_248' title='bbox 60 3081 61 3086; x_wconf 5' lang='grc' dir='ltr'>ἵ</span> <span class='ocrx_word' id='word_1_249' title='bbox 174 3002 300 3063; x_wconf 92' lang='lat' dir='ltr'><strong>duorum</strong></span> <span class='ocrx_word' id='word_1_250' title='bbox 316 3019 460 3063; x_wconf 89' lang='lat' dir='ltr'><strong>annorum</strong></span> <span class='ocrx_word' id='word_1_251' title='bbox 483 2996 526 3064; x_wconf 93' lang='grc'><strong>73</strong></span> <span class='ocrx_word' id='word_1_252' title='bbox 550 3008 582 3062; x_wconf 89' lang='grc' dir='ltr'><strong>ιι</strong></span> <span class='ocrx_word' id='word_1_253' title='bbox 604 2994 647 3063; x_wconf 89' lang='grc'><strong>74</strong></span> <span class='ocrx_word' id='word_1_254' title='bbox 666 2994 826 3080; x_wconf 77' lang='lat' dir='ltr'><strong>paschata</strong></span> <span class='ocrx_word' id='word_1_255' title='bbox 872 2999 1008 3082; x_wconf 81' lang='lat' dir='ltr'><strong>Cumque</strong></span> <span class='ocrx_word' id='word_1_256' title='bbox 1028 3000 1119 3081; x_wconf 82' lang='lat' dir='ltr'><strong>vulgo</strong></span> <span class='ocrx_word' id='word_1_257' title='bbox 1143 3011 1327 3081; x_wconf 87' lang='lat' dir='ltr'><strong>persuasum</strong></span> <span class='ocrx_word' id='word_1_258' title='bbox 1349 3000 1500 3067; x_wconf 75' lang='lat' dir='ltr'><strong>uaesana</strong></span> <span class='ocrx_word' id='word_1_259' title='bbox 1539 2996 1541 3055; x_wconf 78' lang='grc' dir='ltr'>ἶ</span> 
     </span>
    </p>
   </div>
   <div class='ocr_carea' id='block_1_18' title="bbox 85 3086 1556 3177">
    <p class='ocr_par' dir='ltr' id='par_1_18' title="bbox 85 3086 1556 3177">
     <span class='ocr_line' id='line_1_27' title="bbox 85 3086 1556 3177; baseline -0.003 -24"><span class='ocrx_word' id='word_1_260' title='bbox 85 3164 88 3177; x_wconf 22' lang='grc' dir='ltr'><strong><em>γ</em></strong></span> <span class='ocrx_word' id='word_1_261' title='bbox 172 3090 323 3153; x_wconf 80' lang='lat' dir='ltr'><strong>Ioannem</strong></span> <span class='ocrx_word' id='word_1_262' title='bbox 337 3097 473 3170; x_wconf 81' lang='lat' dir='ltr'><strong>tempore</strong></span> <span class='ocrx_word' id='word_1_263' title='bbox 490 3089 657 3152; x_wconf 89' lang='lat' dir='ltr'><strong>autumnali</strong></span> <span class='ocrx_word' id='word_1_264' title='bbox 679 3088 761 3152; x_wconf 86' lang='lat' dir='ltr'><strong>circa</strong></span> <span class='ocrx_word' id='word_1_265' title='bbox 776 3091 887 3152; x_wconf 84' lang='lat' dir='ltr'><strong>festum</strong></span> <span class='ocrx_word' id='word_1_266' title='bbox 902 3090 1171 3153; x_wconf 54' lang='lat' dir='ltr'><strong>tabernaculorum,</strong></span> <span class='ocrx_word' id='word_1_267' title='bbox 1181 3089 1346 3171; x_wconf 83' lang='lat' dir='ltr'><strong>coepisse,</strong></span> <span class='ocrx_word' id='word_1_268' title='bbox 1364 3107 1436 3170; x_wconf 79' lang='lat' dir='ltr'><strong>ergo</strong></span> <span class='ocrx_word' id='word_1_269' title='bbox 1455 3086 1500 3148; x_wconf 83' lang='lat' dir='ltr'><strong>sire</strong></span> <span class='ocrx_word' id='word_1_270' title='bbox 1550 3132 1556 3137; x_wconf 57' lang='grc'><em>»</em></span> 
     </span>
    </p>
   </div>
   <div class='ocr_carea' id='block_1_19' title="bbox 174 3174 1541 3282">
    <p class='ocr_par' dir='ltr' id='par_1_19' title="bbox 174 3174 1541 3282">
     <span class='ocr_line' id='line_1_28' title="bbox 174 3174 1541 3282; baseline -0.003 -42"><span class='ocrx_word' id='word_1_271' title='bbox 174 3200 194 3240; x_wconf 86' lang='lat' dir='ltr'><strong>a</strong></span> <span class='ocrx_word' id='word_1_272' title='bbox 207 3177 322 3253; x_wconf 87' lang='lat' dir='ltr'><strong>Nisan‚</strong></span> <span class='ocrx_word' id='word_1_273' title='bbox 345 3179 408 3240; x_wconf 80' lang='lat' dir='ltr'><strong>sive</strong></span> <span class='ocrx_word' id='word_1_274' title='bbox 425 3200 444 3240; x_wconf 92' lang='lat' dir='ltr'><strong>a</strong></span> <span class='ocrx_word' id='word_1_275' title='bbox 459 3179 508 3240; x_wconf 89' lang='lat' dir='ltr'><strong>dic</strong></span> <span class='ocrx_word' id='word_1_276' title='bbox 525 3178 727 3241; x_wconf 87' lang='lat' dir='ltr'><strong>successionis</strong></span> <span class='ocrx_word' id='word_1_277' title='bbox 743 3197 853 3241; x_wconf 90' lang='lat' dir='ltr'><strong>annum</strong></span> <span class='ocrx_word' id='word_1_278' title='bbox 872 3179 920 3242; x_wconf 82' lang='lat'><strong>15.</strong></span> <span class='ocrx_word' id='word_1_279' title='bbox 935 3179 1111 3242; x_wconf 87' lang='lat' dir='ltr'><strong>inchoemus</strong></span> <span class='ocrx_word' id='word_1_280' title='bbox 1119 3187 1271 3282; x_wconf 90' lang='lat' dir='ltr'><strong>,utroque</strong></span> <span class='ocrx_word' id='word_1_281' title='bbox 1286 3179 1380 3241; x_wconf 90' lang='lat' dir='ltr'><strong>modo</strong></span> <span class='ocrx_word' id='word_1_282' title='bbox 1394 3174 1499 3240; x_wconf 80' lang='lat' dir='ltr'><strong>loannis</strong></span> <span class='ocrx_word' id='word_1_283' title='bbox 1540 3229 1541 3232; x_wconf 69' lang='grc'><strong>,</strong></span> 
     </span>
    </p>
   </div>
   <div class='ocr_carea' id='block_1_20' title="bbox 172 3262 1554 3350">
    <p class='ocr_par' dir='ltr' id='par_1_20' title="bbox 172 3262 1554 3350">
     <span class='ocr_line' id='line_1_29' title="bbox 172 3262 1554 3350; baseline -0.001 -20"><span class='ocrx_word' id='word_1_284' title='bbox 172 3267 260 3330; x_wconf 89' lang='lat' dir='ltr'><strong>initia</strong></span> <span class='ocrx_word' id='word_1_285' title='bbox 280 3268 481 3330; x_wconf 71' lang='lat' dir='ltr'><strong>retinentur·</strong></span> <span class='ocrx_word' id='word_1_286' title='bbox 472 3288 503 3330; x_wconf 90' lang='grc' dir='ltr'><strong>ιι</strong></span> <span class='ocrx_word' id='word_1_287' title='bbox 522 3267 645 3331; x_wconf 85' lang='lat' dir='ltr'><strong>Juliano</strong></span> <span class='ocrx_word' id='word_1_288' title='bbox 666 3262 717 3331; x_wconf 95' lang='grc'><strong>73.</strong></span> <span class='ocrx_word' id='word_1_289' title='bbox 758 3268 841 3331; x_wconf 89' lang='lat' dir='ltr'><strong>Nam</strong></span> <span class='ocrx_word' id='word_1_290' title='bbox 864 3288 943 3331; x_wconf 88' lang='lat' dir='ltr'><strong>anuo</strong></span> <span class='ocrx_word' id='word_1_291' title='bbox 966 3267 1103 3350; x_wconf 81' lang='lat' dir='ltr'><strong>sequenti</strong></span> <span class='ocrx_word' id='word_1_292' title='bbox 1127 3264 1178 3332; x_wconf 85' lang='grc'><strong>74.</strong></span> <span class='ocrx_word' id='word_1_293' title='bbox 1201 3268 1284 3331; x_wconf 89' lang='lat' dir='ltr'><strong>circa</strong></span> <span class='ocrx_word' id='word_1_294' title='bbox 1310 3265 1502 3349; x_wconf 58' lang='lat' dir='ltr'><strong>scenopegia</strong></span> <span class='ocrx_word' id='word_1_295' title='bbox 1537 3262 1554 3320; x_wconf 64' lang='lat' dir='ltr'>L</span> 
     </span>
    </p>
   </div>
   <div class='ocr_carea' id='block_1_21' title="bbox 68 3355 1157 3438">
    <p class='ocr_par' dir='ltr' id='par_1_21' title="bbox 68 3355 1157 3438">
     <span class='ocr_line' id='line_1_30' title="bbox 68 3355 1157 3438; baseline 0 -19"><span class='ocrx_word' id='word_1_296' title='bbox 68 3391 70 3394; x_wconf 84' lang='grc'><em>·</em></span> <span class='ocrx_word' id='word_1_297' title='bbox 168 3356 234 3436; x_wconf 87' lang='lat' dir='ltr'><strong>jam</strong></span> <span class='ocrx_word' id='word_1_298' title='bbox 237 3357 392 3419; x_wconf 89' lang='lat' dir='ltr'><strong>currebat</strong></span> <span class='ocrx_word' id='word_1_299' title='bbox 409 3355 458 3420; x_wconf 88' lang='lat'><strong>16.</strong></span> <span class='ocrx_word' id='word_1_300' title='bbox 474 3358 601 3419; x_wconf 81' lang='lat' dir='ltr'><strong>etiams</strong></span> <span class='ocrx_word' id='word_1_301' title='bbox 617 3356 665 3418; x_wconf 92' lang='lat' dir='ltr'><strong>die</strong></span> <span class='ocrx_word' id='word_1_302' title='bbox 682 3356 882 3419; x_wconf 87' lang='lat' dir='ltr'><strong>successionis</strong></span> <span class='ocrx_word' id='word_1_303' title='bbox 897 3357 1046 3438; x_wconf 82' lang='lat' dir='ltr'><strong>inceptus.</strong></span> <span class='ocrx_word' id='word_1_304' title='bbox 1156 3370 1157 3374; x_wconf 76' lang='grc'><strong>’</strong></span> 
     </span>
    </p>
   </div>
   <div class='ocr_carea' id='block_1_22' title="bbox 173 3434 1555 3715">
    <p class='ocr_par' dir='ltr' id='par_1_22' title="bbox 173 3401 1555 3706">
     <span class='ocr_line' id='line_1_31' title="bbox 262 3434 1552 3528; baseline -0.002 -20"><span class='ocrx_word' id='word_1_305' title='bbox 262 3443 380 3516; x_wconf 83' lang='lat' dir='ltr'><strong>Quodsi</strong></span> <span class='ocrx_word' id='word_1_306' title='bbox 395 3446 435 3508; x_wconf 93' lang='lat' dir='ltr'><strong>ad</strong></span> <span class='ocrx_word' id='word_1_307' title='bbox 449 3446 609 3509; x_wconf 84' lang='lat' dir='ltr'><strong>historiam</strong></span> <span class='ocrx_word' id='word_1_308' title='bbox 622 3445 841 3526; x_wconf 75' lang='lat' dir='ltr'><strong>Evangelicam</strong></span> <span class='ocrx_word' id='word_1_309' title='bbox 856 3447 1043 3522; x_wconf 85' lang='lat' dir='ltr'><strong>attenderis,</strong></span> <span class='ocrx_word' id='word_1_310' title='bbox 1064 3446 1201 3508; x_wconf 86' lang='lat' dir='ltr'><strong>iuvenies</strong></span> <span class='ocrx_word' id='word_1_311' title='bbox 1215 3464 1277 3508; x_wconf 90' lang='lat' dir='ltr'><strong>nou</strong></span> <span class='ocrx_word' id='word_1_312' title='bbox 1293 3447 1366 3526; x_wconf 89' lang='lat' dir='ltr'><strong>plus</strong></span> <span class='ocrx_word' id='word_1_313' title='bbox 1379 3434 1500 3528; x_wconf 78' lang='lat' dir='ltr'><strong>temporit</strong></span> <span class='ocrx_word' id='word_1_314' title='bbox 1549 3481 1552 3483; x_wconf 58' lang='lat'>&gt;</span> 
     </span>
     <span class='ocr_line' id='line_1_32' title="bbox 173 3494 1553 3622; baseline -0.004 -26"><span class='ocrx_word' id='word_1_315' title='bbox 173 3535 385 3598; x_wconf 86' lang='lat' dir='ltr'><strong>intercessisse</strong></span> <span class='ocrx_word' id='word_1_316' title='bbox 400 3534 481 3598; x_wconf 91' lang='lat' dir='ltr'><strong>inter</strong></span> <span class='ocrx_word' id='word_1_317' title='bbox 494 3536 583 3598; x_wconf 87' lang='lat' dir='ltr'><strong>initia</strong></span> <span class='ocrx_word' id='word_1_318' title='bbox 596 3535 726 3598; x_wconf 86' lang='lat' dir='ltr'><strong>Joauuis</strong></span> <span class='ocrx_word' id='word_1_319' title='bbox 737 3542 774 3597; x_wconf 91' lang='lat' dir='ltr'><strong>et</strong></span> <span class='ocrx_word' id='word_1_320' title='bbox 788 3535 972 3617; x_wconf 87' lang='lat' dir='ltr'><strong>baptismum</strong></span> <span class='ocrx_word' id='word_1_321' title='bbox 988 3494 1119 3618; x_wconf 70' lang='lat' dir='ltr'><strong>chiristi,</strong></span> <span class='ocrx_word' id='word_1_322' title='bbox 1141 3553 1236 3622; x_wconf 87' lang='lat' dir='ltr'><strong>quam</strong></span> <span class='ocrx_word' id='word_1_323' title='bbox 1248 3544 1397 3616; x_wconf 87' lang='lat' dir='ltr'><strong>quantum</strong></span> <span class='ocrx_word' id='word_1_324' title='bbox 1411 3541 1457 3596; x_wconf 83' lang='grc' dir='ltr'><strong>ιιι</strong></span> <span class='ocrx_word' id='word_1_325' title='bbox 1467 3520 1499 3591; x_wconf 95' lang='grc' dir='ltr'><strong>ιι</strong></span> <span class='ocrx_word' id='word_1_326' title='bbox 1537 3558 1553 3581; x_wconf 76' lang='lat'><em>2</em></span> 
     </span>
     <span class='ocr_line' id='line_1_33' title="bbox 173 3607 1555 3715; baseline -0.006 -29"><span class='ocrx_word' id='word_1_327' title='bbox 173 3641 268 3704; x_wconf 92' lang='lat' dir='ltr'><strong>usque</strong></span> <span class='ocrx_word' id='word_1_328' title='bbox 293 3624 386 3688; x_wconf 80' lang='lat' dir='ltr'><strong>ado.</strong></span> <span class='ocrx_word' id='word_1_329' title='bbox 408 3624 606 3699; x_wconf 86' lang='lat' dir='ltr'><strong>Novembris,</strong></span> <span class='ocrx_word' id='word_1_330' title='bbox 635 3625 661 3687; x_wconf 91' lang='lat' dir='ltr'><strong>si</strong></span> <span class='ocrx_word' id='word_1_331' title='bbox 685 3624 743 3686; x_wconf 92' lang='lat' dir='ltr'><strong>hoc</strong></span> <span class='ocrx_word' id='word_1_332' title='bbox 765 3624 813 3686; x_wconf 86' lang='lat' dir='ltr'><strong>die</strong></span> <span class='ocrx_word' id='word_1_333' title='bbox 829 3624 971 3689; x_wconf 81' lang='lat' dir='ltr'><strong>Christus</strong></span> <span class='ocrx_word' id='word_1_334' title='bbox 986 3607 1177 3715; x_wconf 81' lang='lat' dir='ltr'><strong>baptizatus,</strong></span> <span class='ocrx_word' id='word_1_335' title='bbox 1198 3624 1296 3687; x_wconf 83' lang='lat' dir='ltr'><strong>vel</strong></span> <span class='ocrx_word' id='word_1_336' title='bbox 1271 3644 1299 3686; x_wconf 87' lang='grc' dir='ltr'><strong>ιι</strong></span> <span class='ocrx_word' id='word_1_337' title='bbox 1323 3625 1384 3688; x_wconf 86' lang='lat' dir='ltr'><strong>hoc</strong></span> <span class='ocrx_word' id='word_1_338' title='bbox 1405 3617 1499 3704; x_wconf 80' lang='lat' dir='ltr'><strong>ip&#39;soi</strong></span> <span class='ocrx_word' id='word_1_339' title='bbox 1540 3642 1555 3671; x_wconf 76' lang='lat'><em>2</em></span> 
     </span>
    </p>
   </div>
   <div class='ocr_carea' id='block_1_23' title="bbox 139 3708 1552 3884">
    <p class='ocr_par' dir='ltr' id='par_1_23' title="bbox 139 3708 1552 3884">
     <span class='ocr_line' id='line_1_34' title="bbox 173 3708 1499 3795; baseline -0.004 -19"><span class='ocrx_word' id='word_1_340' title='bbox 173 3713 355 3776; x_wconf 87' lang='lat' dir='ltr'><strong>Novembris</strong></span> <span class='ocrx_word' id='word_1_341' title='bbox 369 3714 506 3777; x_wconf 86' lang='lat' dir='ltr'><strong>Joauues</strong></span> <span class='ocrx_word' id='word_1_342' title='bbox 522 3708 573 3795; x_wconf 86' lang='grc' dir='ltr'><strong>(ιι</strong></span> <span class='ocrx_word' id='word_1_343' title='bbox 587 3713 765 3795; x_wconf 86' lang='lat' dir='ltr'><strong>quibusdam</strong></span> <span class='ocrx_word' id='word_1_344' title='bbox 779 3709 916 3795; x_wconf 86' lang='lat' dir='ltr'><strong>videtur)</strong></span> <span class='ocrx_word' id='word_1_345' title='bbox 933 3715 1050 3794; x_wconf 83' lang='grc' dir='ltr'><strong>ιοιρίι.</strong></span> <span class='ocrx_word' id='word_1_346' title='bbox 1081 3732 1120 3776; x_wconf 84' lang='grc' dir='ltr'><strong>ιι</strong></span> <span class='ocrx_word' id='word_1_347' title='bbox 1136 3733 1172 3775; x_wconf 91' lang='grc' dir='ltr'><strong>ιο</strong></span> <span class='ocrx_word' id='word_1_348' title='bbox 1186 3732 1282 3794; x_wconf 88' lang='lat' dir='ltr'><strong>usque</strong></span> <span class='ocrx_word' id='word_1_349' title='bbox 1304 3713 1390 3778; x_wconf 76' lang='lat' dir='ltr'><strong>sue.</strong></span> <span class='ocrx_word' id='word_1_350' title='bbox 1403 3714 1499 3776; x_wconf 72' lang='lat' dir='ltr'><strong>Ianua»</strong></span> 
     </span>
     <span class='ocr_line' id='line_1_35' title="bbox 139 3793 1552 3884; baseline 0.002 -19"><span class='ocrx_word' id='word_1_351' title='bbox 139 3793 150 3805; x_wconf 76' lang='grc'><em>’</em></span> <span class='ocrx_word' id='word_1_352' title='bbox 174 3801 210 3865; x_wconf 87' lang='lat' dir='ltr'><strong>rii</strong></span> <span class='ocrx_word' id='word_1_353' title='bbox 227 3822 298 3865; x_wconf 87' lang='lat' dir='ltr'><strong>auur</strong></span> <span class='ocrx_word' id='word_1_354' title='bbox 289 3798 366 3878; x_wconf 91' lang='grc'><strong>74,</strong></span> <span class='ocrx_word' id='word_1_355' title='bbox 381 3822 439 3884; x_wconf 92' lang='lat' dir='ltr'><strong>quo</strong></span> <span class='ocrx_word' id='word_1_356' title='bbox 456 3804 504 3866; x_wconf 92' lang='lat' dir='ltr'><strong>die</strong></span> <span class='ocrx_word' id='word_1_357' title='bbox 521 3802 646 3865; x_wconf 90' lang='lat' dir='ltr'><strong>traditio</strong></span> <span class='ocrx_word' id='word_1_358' title='bbox 662 3802 758 3866; x_wconf 90' lang='lat' dir='ltr'><strong>habet</strong></span> <span class='ocrx_word' id='word_1_359' title='bbox 773 3802 999 3877; x_wconf 87' lang='lat' dir='ltr'><strong>ecclesiastica,</strong></span> <span class='ocrx_word' id='word_1_360' title='bbox 1015 3802 1195 3867; x_wconf 70' lang='lat' dir='ltr'><strong>Christum·</strong></span> <span class='ocrx_word' id='word_1_361' title='bbox 1186 3803 1361 3866; x_wconf 81' lang='lat' dir='ltr'><strong>immixtmn</strong></span> <span class='ocrx_word' id='word_1_362' title='bbox 1375 3801 1500 3866; x_wconf 78' lang='lat' dir='ltr'><strong>mrbus</strong></span> <span class='ocrx_word' id='word_1_363' title='bbox 1533 3820 1552 3868; x_wconf 55' lang='grc' dir='ltr'><strong>ὸ.</strong></span> 
     </span>
    </p>
   </div>
   <div class='ocr_carea' id='block_1_24' title="bbox 172 3891 1499 4063">
    <p class='ocr_par' dir='ltr' id='par_1_24' title="bbox 172 3891 1499 4063">
     <span class='ocr_line' id='line_1_36' title="bbox 174 3891 1499 3987; baseline 0.002 -33"><span class='ocrx_word' id='word_1_364' title='bbox 174 3891 316 3955; x_wconf 87' lang='lat' dir='ltr'><strong>universa</strong></span> <span class='ocrx_word' id='word_1_365' title='bbox 329 3892 450 3955; x_wconf 78' lang='lat' dir='ltr'><strong>Iudaea</strong></span> <span class='ocrx_word' id='word_1_366' title='bbox 466 3893 505 3955; x_wconf 86' lang='lat' dir='ltr'><strong>ad</strong></span> <span class='ocrx_word' id='word_1_367' title='bbox 519 3893 541 3955; x_wconf 91' lang='lat' dir='ltr'><strong>J</strong></span> <span class='ocrx_word' id='word_1_368' title='bbox 542 3910 669 3955; x_wconf 88' lang='lat' dir='ltr'><strong>oannem</strong></span> <span class='ocrx_word' id='word_1_369' title='bbox 685 3892 918 3968; x_wconf 80' lang='lat' dir='ltr'><strong>confluentibus,</strong></span> <span class='ocrx_word' id='word_1_370' title='bbox 934 3892 974 3954; x_wconf 90' lang='lat' dir='ltr'><strong>ad</strong></span> <span class='ocrx_word' id='word_1_371' title='bbox 982 3891 1173 3987; x_wconf 90' lang='lat' dir='ltr'><strong>baptismum</strong></span> <span class='ocrx_word' id='word_1_372' title='bbox 1186 3892 1320 3954; x_wconf 85' lang='lat' dir='ltr'><strong>venisse.</strong></span> <span class='ocrx_word' id='word_1_373' title='bbox 1366 3894 1415 3955; x_wconf 81' lang='lat' dir='ltr'><strong>Ita</strong></span> <span class='ocrx_word' id='word_1_374' title='bbox 1427 3893 1499 3972; x_wconf 70' lang='lat' dir='ltr'><strong>palti</strong></span> 
     </span>
     <span class='ocr_line' id='line_1_37' title="bbox 172 3971 1499 4063; baseline -0.002 -20"><span class='ocrx_word' id='word_1_375' title='bbox 172 3981 296 4043; x_wconf 89' lang='lat' dir='ltr'><strong>ineunte</strong></span> <span class='ocrx_word' id='word_1_376' title='bbox 311 3982 433 4044; x_wconf 80' lang='lat' dir='ltr'><strong>Iuliano</strong></span> <span class='ocrx_word' id='word_1_377' title='bbox 450 3974 870 4057; x_wconf 59' lang='lat' dir='ltr'><strong>lechamsterdam</strong></span> <span class='ocrx_word' id='word_1_378' title='bbox 885 4000 954 4044; x_wconf 89' lang='lat' dir='ltr'><strong>esse</strong></span> <span class='ocrx_word' id='word_1_379' title='bbox 969 3971 1157 4063; x_wconf 73' lang='lat' dir='ltr'><strong>Baptizatum</strong></span> <span class='ocrx_word' id='word_1_380' title='bbox 1172 3982 1357 4063; x_wconf 90' lang='lat' dir='ltr'><strong>minimeque</strong></span> <span class='ocrx_word' id='word_1_381' title='bbox 1370 4001 1427 4044; x_wconf 91' lang='lat' dir='ltr'><strong>uuo</strong></span> <span class='ocrx_word' id='word_1_382' title='bbox 1441 3993 1499 4041; x_wconf 78' lang='lat' dir='ltr'><strong>amu</strong></span> 
     </span>
    </p>
   </div>
   <div class='ocr_carea' id='block_1_25' title="bbox 173 4069 1535 4153">
    <p class='ocr_par' dir='ltr' id='par_1_25' title="bbox 173 4069 1535 4153">
     <span class='ocr_line' id='line_1_38' title="bbox 173 4069 1535 4153; baseline 0.001 -21"><span class='ocrx_word' id='word_1_383' title='bbox 173 4071 300 4133; x_wconf 90' lang='lat' dir='ltr'><strong>tardius.</strong></span> <span class='ocrx_word' id='word_1_384' title='bbox 344 4072 424 4134; x_wconf 89' lang='lat' dir='ltr'><strong>Nam</strong></span> <span class='ocrx_word' id='word_1_385' title='bbox 439 4071 587 4152; x_wconf 89' lang='lat' dir='ltr'><strong>probatur</strong></span> <span class='ocrx_word' id='word_1_386' title='bbox 602 4070 781 4133; x_wconf 80' lang='lat' dir='ltr'><strong>certissimis</strong></span> <span class='ocrx_word' id='word_1_387' title='bbox 796 4069 984 4134; x_wconf 88' lang='lat' dir='ltr'><strong>documentis</strong></span> <span class='ocrx_word' id='word_1_388' title='bbox 999 4070 1202 4153; x_wconf 85' lang='lat' dir='ltr'><strong>antiquitatis,</strong></span> <span class='ocrx_word' id='word_1_389' title='bbox 1218 4069 1380 4135; x_wconf 77' lang='lat' dir='ltr'><strong>Christum</strong></span> <span class='ocrx_word' id='word_1_390' title='bbox 1394 4071 1431 4134; x_wconf 82' lang='lat' dir='ltr'><strong>sd</strong></span> <span class='ocrx_word' id='word_1_391' title='bbox 1444 4085 1498 4149; x_wconf 71' lang='lat' dir='ltr'><strong>pu·</strong></span> <span class='ocrx_word' id='word_1_392' title='bbox 1533 4146 1535 4150; x_wconf 21' lang='lat'><strong><em>¹</em></strong></span> 
     </span>
    </p>
   </div>
   <div class='ocr_carea' id='block_1_26' title="bbox 175 4154 1496 4331">
    <p class='ocr_par' dir='ltr' id='par_1_26' title="bbox 175 4154 1496 4331">
     <span class='ocr_line' id='line_1_39' title="bbox 175 4154 739 4223; baseline -0.002 -1"><span class='ocrx_word' id='word_1_393' title='bbox 175 4159 289 4222; x_wconf 90' lang='lat' dir='ltr'><strong>sionem</strong></span> <span class='ocrx_word' id='word_1_394' title='bbox 307 4159 429 4222; x_wconf 87' lang='lat' dir='ltr'><strong>venisse</strong></span> <span class='ocrx_word' id='word_1_395' title='bbox 445 4179 524 4223; x_wconf 90' lang='lat' dir='ltr'><strong>anuo</strong></span> <span class='ocrx_word' id='word_1_396' title='bbox 542 4154 592 4223; x_wconf 91' lang='grc'><strong>76.</strong></span> <span class='ocrx_word' id='word_1_397' title='bbox 607 4160 739 4222; x_wconf 82' lang='lat' dir='ltr'><strong>Iuliano.</strong></span> 
     </span>
     <span class='ocr_line' id='line_1_40' title="bbox 261 4240 1496 4331; baseline -0.005 -20"><span class='ocrx_word' id='word_1_398' title='bbox 261 4249 310 4311; x_wconf 84' lang='lat' dir='ltr'><strong>Ex</strong></span> <span class='ocrx_word' id='word_1_399' title='bbox 326 4250 484 4312; x_wconf 89' lang='lat' dir='ltr'><strong>notatione</strong></span> <span class='ocrx_word' id='word_1_400' title='bbox 500 4249 681 4331; x_wconf 91' lang='lat' dir='ltr'><strong>reliquorum</strong></span> <span class='ocrx_word' id='word_1_401' title='bbox 696 4266 853 4330; x_wconf 89' lang='lat' dir='ltr'><strong>procerum</strong></span> <span class='ocrx_word' id='word_1_402' title='bbox 879 4241 912 4312; x_wconf 84' lang='grc' dir='ltr'><strong>ιι</strong></span> <span class='ocrx_word' id='word_1_403' title='bbox 932 4245 1157 4312; x_wconf 85' lang='lat' dir='ltr'><strong>moderatorum</strong></span> <span class='ocrx_word' id='word_1_404' title='bbox 1179 4247 1284 4330; x_wconf 78' lang='lat' dir='ltr'><strong>gentis</strong></span> <span class='ocrx_word' id='word_1_405' title='bbox 1295 4248 1438 4313; x_wconf 67' lang='lat' dir='ltr'><strong>rJudaeoc</strong></span> <span class='ocrx_word' id='word_1_406' title='bbox 1456 4240 1496 4307; x_wconf 86' lang='grc' dir='ltr'><strong>ιιιΙ</strong></span> 
     </span>
    </p>
   </div>
   <div class='ocr_carea' id='block_1_27' title="bbox 173 4337 1554 4420">
    <p class='ocr_par' dir='ltr' id='par_1_27' title="bbox 173 4337 1554 4420">
     <span class='ocr_line' id='line_1_41' title="bbox 173 4337 1554 4420; baseline 0.002 -20"><span class='ocrx_word' id='word_1_407' title='bbox 173 4337 213 4401; x_wconf 90' lang='lat' dir='ltr'><strong>ad</strong></span> <span class='ocrx_word' id='word_1_408' title='bbox 228 4344 348 4401; x_wconf 87' lang='lat' dir='ltr'><strong>tautam</strong></span> <span class='ocrx_word' id='word_1_409' title='bbox 362 4339 583 4420; x_wconf 89' lang='lat' dir='ltr'><strong>praecisionem</strong></span> <span class='ocrx_word' id='word_1_410' title='bbox 595 4356 658 4400; x_wconf 89' lang='lat' dir='ltr'><strong>non</strong></span> <span class='ocrx_word' id='word_1_411' title='bbox 672 4338 816 4413; x_wconf 77' lang='lat' dir='ltr'><strong>venimus,</strong></span> <span class='ocrx_word' id='word_1_412' title='bbox 831 4346 866 4400; x_wconf 91' lang='lat' dir='ltr'><strong>ut</strong></span> <span class='ocrx_word' id='word_1_413' title='bbox 874 4357 964 4401; x_wconf 91' lang='lat' dir='ltr'><strong>unum</strong></span> <span class='ocrx_word' id='word_1_414' title='bbox 979 4345 1095 4401; x_wconf 89' lang='lat' dir='ltr'><strong>certum</strong></span> <span class='ocrx_word' id='word_1_415' title='bbox 1110 4357 1221 4402; x_wconf 88' lang='lat' dir='ltr'><strong>annum</strong></span> <span class='ocrx_word' id='word_1_416' title='bbox 1229 4337 1302 4400; x_wconf 87' lang='lat' dir='ltr'><strong>inde</strong></span> <span class='ocrx_word' id='word_1_417' title='bbox 1315 4339 1495 4403; x_wconf 63' lang='lat' dir='ltr'><strong>addimus:</strong></span> <span class='ocrx_word' id='word_1_418' title='bbox 1553 4364 1554 4367; x_wconf 43' lang='lat'>¹</span> 
     </span>
    </p>
   </div>
   <div class='ocr_carea' id='block_1_28' title="bbox 174 4423 1494 4508">
    <p class='ocr_par' dir='ltr' id='par_1_28' title="bbox 174 4423 1494 4508">
     <span class='ocr_line' id='line_1_42' title="bbox 174 4423 1494 4508; baseline -0.002 -19"><span class='ocrx_word' id='word_1_419' title='bbox 174 4427 299 4508; x_wconf 86' lang='lat' dir='ltr'><strong>expedit</strong></span> <span class='ocrx_word' id='word_1_420' title='bbox 314 4435 416 4491; x_wconf 86' lang='lat' dir='ltr'><strong>tamen</strong></span> <span class='ocrx_word' id='word_1_421' title='bbox 431 4428 549 4503; x_wconf 84' lang='lat' dir='ltr'><strong>videre,</strong></span> <span class='ocrx_word' id='word_1_422' title='bbox 565 4427 686 4490; x_wconf 91' lang='lat' dir='ltr'><strong>nullane</strong></span> <span class='ocrx_word' id='word_1_423' title='bbox 702 4427 904 4491; x_wconf 91' lang='lat' dir='ltr'><strong>contradictio</strong></span> <span class='ocrx_word' id='word_1_424' title='bbox 921 4427 1009 4491; x_wconf 91' lang='lat' dir='ltr'><strong>nobis</strong></span> <span class='ocrx_word' id='word_1_425' title='bbox 1025 4446 1063 4489; x_wconf 83' lang='lat' dir='ltr'><strong>ex</strong></span> <span class='ocrx_word' id='word_1_426' title='bbox 1077 4426 1214 4508; x_wconf 89' lang='lat' dir='ltr'><strong>Josspho</strong></span> <span class='ocrx_word' id='word_1_427' title='bbox 1230 4426 1381 4497; x_wconf 85' lang='lat' dir='ltr'><strong>historico</strong></span> <span class='ocrx_word' id='word_1_428' title='bbox 1394 4423 1494 4491; x_wconf 74' lang='lat' dir='ltr'><strong>sucos</strong></span> 
     </span>
    </p>
   </div>
   <div class='ocr_carea' id='block_1_29' title="bbox 173 4512 1553 4777">
    <p class='ocr_par' dir='ltr' id='par_1_29' title="bbox 173 4512 1553 4777">
     <span class='ocr_line' id='line_1_43' title="bbox 174 4512 1551 4599; baseline 0.001 -22"><span class='ocrx_word' id='word_1_429' title='bbox 174 4516 357 4597; x_wconf 85' lang='lat' dir='ltr'><strong>detegatur?</strong></span> <span class='ocrx_word' id='word_1_430' title='bbox 401 4518 450 4579; x_wconf 92' lang='lat' dir='ltr'><strong>De</strong></span> <span class='ocrx_word' id='word_1_431' title='bbox 472 4517 595 4580; x_wconf 88' lang='lat' dir='ltr'><strong>Herode</strong></span> <span class='ocrx_word' id='word_1_432' title='bbox 617 4516 710 4597; x_wconf 82' lang='lat' dir='ltr'><strong>igitur</strong></span> <span class='ocrx_word' id='word_1_433' title='bbox 733 4524 766 4579; x_wconf 91' lang='lat' dir='ltr'><strong>et</strong></span> <span class='ocrx_word' id='word_1_434' title='bbox 786 4516 928 4599; x_wconf 90' lang='lat' dir='ltr'><strong>Philippo</strong></span> <span class='ocrx_word' id='word_1_435' title='bbox 949 4516 1104 4597; x_wconf 76' lang='lat' dir='ltr'><strong>Iosephus</strong></span> <span class='ocrx_word' id='word_1_436' title='bbox 1118 4516 1231 4591; x_wconf 87' lang='lat' dir='ltr'><strong>tradit,</strong></span> <span class='ocrx_word' id='word_1_437' title='bbox 1254 4518 1420 4597; x_wconf 82' lang='lat' dir='ltr'><strong>praefuisse</strong></span> <span class='ocrx_word' id='word_1_438' title='bbox 1438 4512 1493 4578; x_wconf 78' lang='lat' dir='ltr'><strong>illos</strong></span> <span class='ocrx_word' id='word_1_439' title='bbox 1550 4532 1551 4536; x_wconf 73' lang='grc'><strong>’</strong></span> 
     </span>
     <span class='ocr_line' id='line_1_44' title="bbox 173 4600 1547 4688; baseline -0.001 -21"><span class='ocrx_word' id='word_1_440' title='bbox 173 4604 325 4668; x_wconf 82' lang='lat' dir='ltr'><strong>Herodem</strong></span> <span class='ocrx_word' id='word_1_441' title='bbox 342 4605 460 4688; x_wconf 87' lang='lat' dir='ltr'><strong>quidem</strong></span> <span class='ocrx_word' id='word_1_442' title='bbox 471 4606 632 4671; x_wconf 87' lang='lat' dir='ltr'><strong>Galilaeae</strong></span> <span class='ocrx_word' id='word_1_443' title='bbox 648 4614 681 4668; x_wconf 90' lang='lat' dir='ltr'><strong>et</strong></span> <span class='ocrx_word' id='word_1_444' title='bbox 695 4606 841 4680; x_wconf 88' lang='lat' dir='ltr'><strong>Peraeae,</strong></span> <span class='ocrx_word' id='word_1_445' title='bbox 855 4606 1028 4687; x_wconf 87' lang='lat' dir='ltr'><strong>Philippum</strong></span> <span class='ocrx_word' id='word_1_446' title='bbox 1036 4603 1182 4680; x_wconf 89' lang='lat' dir='ltr'><strong>Paneadi,</strong></span> <span class='ocrx_word' id='word_1_447' title='bbox 1196 4606 1413 4680; x_wconf 83' lang='lat' dir='ltr'><strong>Trachonitidi,</strong></span> <span class='ocrx_word' id='word_1_448' title='bbox 1427 4600 1490 4665; x_wconf 76' lang='lat' dir='ltr'><strong>cau·</strong></span> <span class='ocrx_word' id='word_1_449' title='bbox 1544 4643 1547 4651; x_wconf 45' lang='lat'>2</span> 
     </span>
     <span class='ocr_line' id='line_1_45' title="bbox 173 4682 1553 4777; baseline -0.001 -23"><span class='ocrx_word' id='word_1_450' title='bbox 173 4692 306 4768; x_wconf 88' lang='lat' dir='ltr'><strong>lanitidi,</strong></span> <span class='ocrx_word' id='word_1_451' title='bbox 328 4696 504 4759; x_wconf 88' lang='lat' dir='ltr'><strong>Auranitidi</strong></span> <span class='ocrx_word' id='word_1_452' title='bbox 520 4703 552 4759; x_wconf 91' lang='lat' dir='ltr'><strong>et</strong></span> <span class='ocrx_word' id='word_1_453' title='bbox 566 4697 762 4770; x_wconf 87' lang='lat' dir='ltr'><strong>Batanneae,</strong></span> <span class='ocrx_word' id='word_1_454' title='bbox 784 4696 862 4757; x_wconf 89' lang='lat' dir='ltr'><strong>hunc</strong></span> <span class='ocrx_word' id='word_1_455' title='bbox 885 4696 1005 4777; x_wconf 88' lang='lat' dir='ltr'><strong>quidem</strong></span> <span class='ocrx_word' id='word_1_456' title='bbox 1026 4714 1120 4776; x_wconf 89' lang='lat' dir='ltr'><strong>usque</strong></span> <span class='ocrx_word' id='word_1_457' title='bbox 1141 4696 1181 4757; x_wconf 91' lang='lat' dir='ltr'><strong>ad</strong></span> <span class='ocrx_word' id='word_1_458' title='bbox 1202 4714 1317 4758; x_wconf 90' lang='lat' dir='ltr'><strong>aunum</strong></span> <span class='ocrx_word' id='word_1_459' title='bbox 1339 4699 1386 4759; x_wconf 82' lang='lat'><strong>20.</strong></span> <span class='ocrx_word' id='word_1_460' title='bbox 1405 4682 1488 4755; x_wconf 74' lang='lat' dir='ltr'><strong>liberi</strong></span> <span class='ocrx_word' id='word_1_461' title='bbox 1538 4714 1553 4749; x_wconf 68' lang='lat' dir='ltr'><strong>e·</strong></span> 
     </span>
    </p>
   </div>
   <div class='ocr_carea' id='block_1_30' title="bbox 175 4779 1538 4884">
    <p class='ocr_par' dir='ltr' id='par_1_30' title="bbox 175 4779 1538 4884">
     <span class='ocr_line' id='line_1_46' title="bbox 175 4779 1538 4884; baseline 0.005 -40"><span class='ocrx_word' id='word_1_462' title='bbox 175 4800 230 4862; x_wconf 89' lang='lat' dir='ltr'><strong>per</strong></span> <span class='ocrx_word' id='word_1_463' title='bbox 245 4803 341 4846; x_wconf 90' lang='lat' dir='ltr'><strong>annos</strong></span> <span class='ocrx_word' id='word_1_464' title='bbox 356 4779 408 4859; x_wconf 90' lang='grc'><strong>37,</strong></span> <span class='ocrx_word' id='word_1_465' title='bbox 423 4785 507 4848; x_wconf 89' lang='lat' dir='ltr'><strong>illum</strong></span> <span class='ocrx_word' id='word_1_466' title='bbox 521 4803 617 4866; x_wconf 88' lang='lat' dir='ltr'><strong>usque</strong></span> <span class='ocrx_word' id='word_1_467' title='bbox 631 4790 846 4884; x_wconf 81' lang='lat' dir='ltr'><strong>postmortem</strong></span> <span class='ocrx_word' id='word_1_468' title='bbox 861 4784 987 4861; x_wconf 85' lang='lat' dir='ltr'><strong>Tiberii,</strong></span> <span class='ocrx_word' id='word_1_469' title='bbox 1008 4784 1049 4847; x_wconf 90' lang='lat' dir='ltr'><strong>ad</strong></span> <span class='ocrx_word' id='word_1_470' title='bbox 1070 4802 1182 4852; x_wconf 86' lang='lat' dir='ltr'><strong>annum</strong></span> <span class='ocrx_word' id='word_1_471' title='bbox 1195 4784 1417 4857; x_wconf 71' lang='lat' dir='ltr'><strong>Julianunes,</strong></span> <span class='ocrx_word' id='word_1_472' title='bbox 1437 4787 1538 4840; x_wconf 67' lang='lat' dir='ltr'><strong>illl</strong></span> 
     </span>
    </p>
   </div>
   <div class='ocr_carea' id='block_1_31' title="bbox 0 0 1560 5474">
    <p class='ocr_par' dir='ltr' id='par_1_31' title="bbox 0 0 1560 5474">
     <span class='ocr_line' id='line_1_47' title="bbox 0 0 1560 5474; baseline 0 1"><span class='ocrx_word' id='word_1_473' title='bbox 0 0 1560 5474; x_wconf 95' lang='lat' dir='ltr'><strong> </strong></span> 
     </span>
    </p>
   </div>
  </div>
 </body>
</html>
