3150 5482
651 221 679 272 ln
699 222 901 274 stereometriam
923 221 1051 273 {loliorum

875 406 904 449 et
921 398 953 448 ab
972 400 1093 450 alterutro
1105 400 1212 452 termino
1225 397 1340 449 diametri
1353 398 1375 448 Δ
1389 395 1512 449 ducantur

874 471 939 520 duae
957 477 1044 520 rectae
1062 470 1189 529 Ac‚A1),
1208 471 1389 520 intersecantem
1407 471 1509 519 eaodem

873 541 1092 605 perpendiculares
1110 544 1138 591 iu
1155 542 1256 605 punctio
1270 541 1300 598 B.
1313 541 1348 589 E:
1366 541 1507 598 orientali,

874 612 927 668 ΔΟ,
945 612 1001 669 ΑΟ,
1019 613 1063 662 ΔΕ
1081 614 1199 662 ooutlune
1217 613 1420 675 proportionales.

934 726 937 727 Β
962 682 1026 734 Sunt
1037 685 1104 733 euim
1117 685 1205 748 anguli
1219 683 1297 739 ADC,
1310 683 1377 732 AED
1387 683 1506 746 aeqnssea

873 753 966 818 angulo
985 753 1068 811 Ave.
1094 762 1120 803 et
1143 753 1252 820 anguine
1279 753 1312 802 ad
1330 755 1352 802 Δ
1372 756 1508 802 communia

872 830 912 873 eat
937 825 1072 874 etidcirco
1098 826 1228 890 triangula
1250 824 1326 882 ΑΒΟ,
1344 823 1422 881 ΑΟΟ,
1442 821 1509 872 Anu

876 902 936 944 aunt
954 896 1131 961 aequiaugola

961 966 1150 1028 Estojamlatua
1159 961 1511 1030 ruhiiuaoriptiCD(i'ig.3l)

874 1044 901 1085 et
911 1036 957 1086 ΒΟ
968 1036 1098 1102 diagonioe
1108 1037 1174 1086 basis
1185 1038 1332 1101 quadratae.
1343 1043 1369 1085 et
1380 1043 1511 1084 sumantur

877 1108 921 1156 ΟΥ
934 1108 1039 1156 altitudo
1058 1109 1266 1173 parallelepipedi
1282 1115 1308 1156 et
1319 1105 1365 1156 ΥΒ
1378 1107 1511 1171 diagoniua

781 1236 783 1240 Α
878 1177 960 1227 besa:
986 1182 1035 1241 ajo,
1053 1179 1143 1228 cubum
1164 1194 1220 1228 ease
1246 1182 1365 1241 majorem
1390 1177 1511 1241 parallel·

879 1249 992 1313 epipeda.

968 1320 1034 1370 Nam
1052 1319 1097 1368 ΒΥ
1115 1326 1142 1369 et
1159 1320 1207 1369 ΔΟ
1230 1321 1390 1369 continuatae
1409 1329 1512 1367 ooueur·

880 1396 940 1440 rant
956 1392 982 1439 in
1001 1391 1037 1447 Ο,
1055 1401 1082 1440 ot
1099 1399 1261 1441 connectatur
1279 1390 1335 1448 ΟΟ,
1363 1397 1390 1438 et
1407 1389 1514 1437 dueatur

844 1487 849 1494 ·
882 1462 925 1510 ΥΡ
948 1463 1073 1525 parallelo
1096 1463 1227 1519 diametro,
1250 1468 1277 1510 et
1294 1461 1341 1510 BD
1366 1462 1515 1510 continuata

882 1540 952 1581 eeoet
972 1532 1016 1581 ΥΒ
1038 1536 1065 1582 in
1088 1534 1126 1583 ii:
1154 1541 1229 1583 eruut
1245 1532 1298 1588 ΟΟ,
1317 1532 1371 1590 ΟΥ,
1389 1530 1445 1587 ΒΥ,
1463 1528 1514 1579 ΒΜ

882 1600 1087 1667 proportionales,
1105 1606 1164 1668 qnia
1182 1605 1270 1670 anguli
1287 1602 1354 1653 adB
1373 1611 1400 1650 et
1418 1602 1438 1651 Ο
1458 1606 1515 1649 aunt

826 1722 829 1731 ,
883 1674 1010 1738 aequales,
1029 1682 1056 1723 et
1074 1674 1155 1729 ΟΥΟ,
1179 1675 1251 1726 ΒΜΥ
1275 1674 1395 1738 aequales
1421 1671 1514 1735 angulo

883 1745 961 1795 ΜΒΟ.
992 1747 1024 1794 Et
1036 1748 1056 1793 ai
1069 1747 1211 1795 inveniatur
1221 1745 1311 1795 media·
1322 1742 1513 1808 proportionalia

882 1818 948 1865 lutor
965 1816 1011 1865 ΒΥ
1024 1822 1050 1865 et
1061 1816 1124 1865 Bri:
1143 1824 1216 1866 eruut
1228 1817 1281 1872 ΟΟ,
1291 1817 1344 1871 ΟΥ,
1363 1816 1513 1879 quadratum

883 1886 928 1935 BV
953 1894 979 1936 et
999 1887 1148 1951 quadratum
1174 1886 1282 1944 mediae,
1308 1885 1513 1950 proportionalia

882 1958 915 2006 Et
932 1958 1025 2006 solidus
1049 1972 1063 2007 e
1082 1958 1201 2021 quadrato
1218 1957 1271 2014 ΒΥ,
1290 1958 1363 2006 duoto
1381 1959 1408 2005 in
1428 1957 1514 2004 altitu·

883 2029 966 2077 dinem
990 2029 1047 2085 ΟΥ,
1073 2030 1222 2092 aequabitur
1246 2029 1323 2077 solido
1352 2042 1366 2076 e
1391 2028 1514 2092 quadrato

882 2100 980 2150 mediae
998 2101 1025 2148 in
1043 2100 1201 2149 altitudinem
1221 2098 1272 2148 CD.
1304 2100 1351 2148 Est
1368 2106 1457 2148 autem
1475 2099 1514 2147 bie

880 2170 974 2221 aolidae
993 2172 1072 2220 minor
1094 2171 1170 2234 dupio
1194 2172 1306 2233 inseripti
1324 2170 1397 2219 aubi:
1424 2169 1513 2218 idcireo

196 2251 223 2292 et
246 2242 318 2292 alter
334 2242 427 2292 eolidur
452 2244 491 2292 rel
518 2241 758 2307 parallelepipednm
784 2244 832 2292 erit
856 2244 936 2291 minor
961 2241 1049 2290 eodem
1074 2241 1137 2290 cubo
1161 2242 1294 2304 duplicato.
1343 2240 1403 2290 ldeo
1429 2252 1514 2289 antem

195 2314 259 2371 dieo,
283 2312 389 2363 aolidem
411 2328 465 2363 esee
484 2314 545 2363 cubo
565 2315 690 2378 duplicato
715 2316 850 2368 minorem,
874 2313 934 2376 qnia
952 2313 1035 2360 media
1053 2313 1099 2361 illa
1117 2315 1181 2362 inter
1200 2312 1244 2360 BV
1264 2321 1290 2361 et
1306 2312 1359 2362 ΒΜ
1378 2321 1418 2361 est
1436 2313 1514 2361 miuor

195 2398 270 2448 quam
293 2384 347 2433 BD.
392 2386 436 2434 Eat
459 2388 525 2435 enini
549 2385 595 2435 ΒΟ
626 2386 711 2434 media
734 2384 925 2448 proportionalia·
947 2386 1013 2432 inter
1034 2383 1081 2432 ΒΥ
1106 2393 1133 2432 et
1156 2382 1216 2440 ΒΟ,
1239 2397 1286 2448 per
1303 2382 1328 2431 Β
1353 2383 1465 2440 lemma,
1488 2389 1513 2430 et

194 2455 239 2505 ΒΟ
257 2464 297 2505 eat
314 2456 410 2520 longior
431 2470 507 2521 qnam
524 2457 581 2507 ΒΜ.
618 2455 681 2505 Cum
707 2459 772 2504 eninr
791 2456 833 2504 ΥΡ
852 2462 878 2503 et
895 2453 937 2503 ΒΟ
953 2456 1004 2503 sint
1020 2453 1170 2516 parallelae,
1189 2461 1216 2502 et
1231 2452 1277 2503 ΟΛ
1294 2462 1365 2502 reoet
1384 2457 1512 2516 utrimque

194 2528 315 2591 trianguli
342 2527 436 2586 barim,
461 2536 534 2576 eruut
561 2532 693 2591 segmenta
714 2525 922 2590 proportionalia.
950 2534 976 2574 et
999 2524 1046 2573 lit
1071 2526 1119 2573 erit
1142 2525 1221 2588 dupla
1240 2532 1326 2573 rectae
1345 2523 1397 2582 NE,
1421 2531 1451 2573 ut
1469 2525 1512 2572 Ba
1557 2586 1560 2591 Ι

194 2606 234 2647 eat
251 2598 328 2661 dupla
345 2599 398 2647 ΑΟ,
426 2599 460 2648 At
477 2599 528 2648 ΝΜ
546 2604 585 2648 eat
602 2600 681 2647 minor
698 2600 800 2646 tamisae
814 2595 869 2654 NV,
889 2598 948 2659 quia
959 2598 981 2645 ei
992 2595 1073 2649 VDG.
1091 2596 1183 2644 cadens
1202 2602 1274 2644 extra
1290 2604 1442 2660 tangentem
1454 2594 1511 2650 DH.

194 2671 388 2726 continuaretur,
408 2667 487 2719 donec
499 2676 659 2719 concurreret
669 2681 724 2718 oum
736 2669 856 2723 diametro
870 2668 1023 2722 coadunata,
1041 2669 1266 2729 interaeprneutnm
1278 2668 1346 2715 iuter
1365 2681 1512 2715 concurrum

196 2747 222 2789 et
240 2747 358 2803 puuctum
377 2741 399 2788 Δ
418 2743 467 2789 erit
483 2745 564 2803 majus
583 2739 658 2802 duplo
683 2747 767 2788 reotao
778 2739 823 2787 ΑΒ
841 2751 886 2801 per
906 2738 929 2786 l.
948 2738 1050 2793 lemma,
1069 2745 1096 2786 et
1112 2737 1204 2786 idcireo
1219 2735 1267 2786 VN
1284 2746 1390 2799 auperat
1409 2737 1512 2800 duplum

193 2817 277 2859 rectae
296 2811 355 2868 ΝΜ,
375 2813 459 2875 igitur.
478 2826 534 2860 curu
552 2820 670 2874 punctum
689 2808 717 2859 Μ
735 2810 809 2859 cadat
827 2811 893 2857 intra
911 2815 1005 2858 rectam
1025 2803 1078 2864 oF,
1102 2815 1128 2855 et
1145 2809 1253 2871 anquina
1272 2809 1305 2856 ad
1322 2807 1343 2858 Ο
1362 2810 1396 2856 ait
1413 2816 1512 2864 acutus.

193 2883 242 2931 erit
257 2885 402 2931 necessario
420 2882 465 2933 ΒΟ
484 2887 563 2946 major
579 2895 655 2946 qnam
667 2879 732 2938 BM;
752 2888 779 2929 et
796 2880 852 2938 ΒΟ,
870 2878 954 2929 media
970 2879 1160 2943 proportionalis
1179 2881 1245 2928 iuter
1257 2879 1304 2928 BV
1323 2888 1351 2928 et
1362 2877 1417 2937 ΒΟ,
1435 2881 1514 2941 major

193 2965 268 3016 qnam
286 2952 371 3002 media
389 2955 455 3002 inter
474 2954 520 3002 ΒΥ
538 2964 565 3003 et
583 2953 640 3002 ΒΜ.

280 3024 325 3072 Bet
344 3027 420 3089 igitur
444 3024 536 3073 solidus
556 3039 569 3073 e
589 3022 711 3088 quadrato
730 3020 774 3070 BD
800 3023 826 3070 in
850 3029 945 3070 rectam
968 3020 1013 3071 ΟΟ
1038 3024 1117 3083 major
1140 3019 1219 3070 solido
1243 3035 1257 3071 e
1280 3021 1403 3085 quadrato
1422 3020 1470 3070 ΒΥ
1487 3023 1513 3070 iu

192 3102 287 3143 reotam
305 3095 358 3151 ΥΟ,
377 3096 402 3145 id
420 3102 459 3145 ert
478 3095 556 3144 cubus
575 3095 716 3158 duplicatas
734 3096 814 3155 major
832 3099 871 3140 eat
889 3091 963 3155 duplo
981 3092 1196 3155 parallelepipedi.

280 3166 373 3216 Eodem
386 3166 458 3215 modo
471 3169 491 3216 si
504 3175 616 3216 sumatur
636 3165 766 3229 diagonioe
786 3162 853 3211 basis
871 3163 1078 3226 parallelepipedi
1096 3163 1152 3219 ΒΥ,
1170 3165 1250 3225 major
1274 3177 1349 3227 qnam
1368 3170 1439 3212 reeta
1458 3162 1511 3218 BD,

874 3237 928 3296 ejus
947 3234 1052 3283 altitudo
1064 3234 1107 3282 VC
1126 3242 1225 3283 tantum
1237 3236 1376 3289 minuetur,
1393 3242 1421 3282 ut
1434 3233 1511 3281 eubua

873 3304 1114 3370 parallelepipednm
1138 3304 1275 3367 superabit.
1315 3307 1381 3355 Sunt
1399 3306 1467 3353 euim
1484 3311 1512 3352 ot

872 3384 949 3424 antea
976 3374 1028 3431 ΟΥ,
1057 3376 1110 3432 ΟΟ,
1137 3376 1194 3431 ΒΟ,
1221 3375 1273 3425 ΒΜ
1306 3375 1510 3439 proportionales.

871 3444 942 3495 Etsi
960 3448 993 3495 ait
1011 3449 1113 3495 inventa
1132 3447 1216 3496 modia
1232 3447 1427 3511 proportionalia
1445 3447 1510 3492 iuter

871 3516 916 3565 ΒΟ
936 3525 962 3566 et
979 3516 1047 3574 ΒΜ,
1071 3527 1145 3566 erunt
1167 3516 1219 3575 ΟΥ,
1238 3517 1283 3567 ct)
1308 3525 1336 3566 at
1361 3516 1508 3581 quadratum

872 3586 927 3644 BD,
939 3595 964 3636 et
974 3588 1125 3652 quadratum
1136 3589 1243 3645 mediae,
1254 3588 1454 3653 proportionalia„
1477 3587 1511 3634 Et

798 3659 800 3663 ’
871 3659 948 3708 'cubui
981 3659 1121 3722 duplicatus
1155 3673 1169 3708 e
1195 3660 1317 3723 quadrato
1342 3659 1388 3708 ΒΟ
1409 3659 1436 3705 in
1453 3656 1508 3713 ΟΟ,

772 3728 777 3753 ‘
869 3730 1017 3794 aequabitur
1027 3729 1239 3793 parallelepipedo
1251 3744 1265 3779 e
1276 3728 1397 3794 quadrato
1406 3728 1508 3776 mediae

841 3808 845 3827 ¹
868 3809 895 3849 et
920 3800 971 3850 ΟΥ.
1014 3800 1059 3849 Eat
1087 3808 1172 3850 autem
1200 3801 1286 3849 media
1314 3800 1379 3848 haee
1408 3799 1509 3863 longior

870 3880 939 3921 reeta
957 3872 1010 3922 ΒΥ.
1053 3872 1091 3922 Sit
1114 3873 1180 3920 enim
1206 3872 1269 3922 SVO
1294 3871 1509 3935 perpendicularis

871 3943 1005 3993 diametro:
1025 3950 1098 3992 erunt
1112 3942 1167 4000 ΒΟ,
1180 3941 1233 3999 ΒΥ,
1247 3942 1294 3993 ΒΟ
1313 3944 1434 3991 continue
1453 3957 1507 4005 pro·

190 4012 349 4075 portionaies,
374 4024 419 4075 per
437 4010 462 4061 2.
482 4011 590 4067 lemtim
610 4019 636 4060 at
654 4011 696 4061 ΒΟ
716 4013 796 4061 minor
818 4021 856 4063 est
880 4027 953 4078 quam
973 4014 1036 4070 ΒΜ,
1062 4015 1196 4063 etidcirco
1215 4013 1261 4064 ΒΥ
1279 4016 1417 4062 minureot
1435 4026 1509 4076 quarn

190 4083 275 4133 media
298 4085 363 4133 inter
387 4081 432 4130 ΒΟ
452 4090 478 4131 et
496 4083 553 4133 ΒΜ.
590 4084 646 4132 Fiat
664 4084 730 4131 euim
749 4083 813 4134 ΒΟΟ
831 4093 928 4140 rectum
954 4087 1002 4134 erit
1019 4083 1066 4134 DN
1092 4085 1170 4148 dupla
1192 4091 1277 4134 rectae
1294 4083 1347 4142 NF,
1366 4090 1395 4132 ut
1412 4083 1457 4132 ΒΔ
1477 4083 1510 4132 ad

189 4153 242 4211 Ac,
260 4163 361 4218 propter
378 4154 567 4203 similitudinem
585 4155 767 4218 triangulorum
787 4154 853 4204 ΒΟΟ
872 4163 897 4204 et
915 4154 990 4212 Dor,
1008 4165 1036 4203 at
1053 4154 1101 4205 DN
1119 4171 1168 4204 non
1186 4162 1226 4204 est
1243 4155 1321 4218 dupla
1345 4164 1430 4204 rectae
1448 4154 1508 4210 ΝΜ,

189 4227 249 4289 quia
266 4223 338 4275 ΟΥΟ
356 4225 423 4274 eadit
446 4227 512 4274 intra
535 4233 682 4290 tangentem
700 4224 761 4273 DH:
787 4234 813 4275 et
837 4226 928 4276 ideirco
947 4241 992 4289 per
1012 4226 1035 4275 l.
1063 4227 1155 4275 lemma
1173 4226 1214 4276 BS
1238 4229 1317 4289 major
1340 4233 1381 4274 est
1405 4228 1508 4273 semisse

189 4298 380 4362 interregnrenti
400 4298 465 4344 inter
482 4303 601 4359 punctum
617 4296 635 4346 S
653 4304 680 4344 et
698 4310 843 4347 concurrum
861 4306 945 4346 rectae
963 4297 1012 4345 DG
1033 4305 1060 4346 et
1071 4296 1187 4346 diametri
1207 4300 1417 4354 conu'nuatamm,
1437 4303 1464 4345 et
1482 4298 1507 4346 iu

188 4369 315 4432 triangulo
335 4367 410 4416 simili
430 4364 504 4416 ΜΥΟ
529 4368 616 4417 eodem
640 4366 713 4415 modo
732 4365 784 4434 MN
807 4371 886 4430 major
910 4376 949 4417 est
972 4369 1074 4417 semisse
1098 4375 1182 4417 rectae
1201 4366 1263 4424 DN.
1287 4374 1313 4416 et
1331 4383 1389 4431 oum
1407 4367 1459 4418 issi
1477 4370 1509 4416 eit

188 4441 267 4501 major
285 4451 360 4503 quarn
378 4436 429 4493 FN,
448 4447 474 4485 et
486 4438 551 4489 Dor
569 4439 603 4487 ait
620 4445 710 4494 rectus,
730 4440 778 4487 erit
795 4441 936 4488 necessario
950 4438 994 4488 ΒΟ
1012 4439 1092 4487 minor
1109 4451 1185 4502 quam
1196 4439 1253 4495 ΒΜ,
1273 4441 1370 4502 eritque
1388 4432 1507 4502 parallel·

187 4510 320 4572 epipedum
345 4509 498 4574 equadrato
524 4510 622 4560 mediae
647 4515 672 4557 et
691 4508 734 4558 ΟΥ
758 4505 795 4569 (id
819 4517 858 4559 eet
881 4509 958 4559 cubus
983 4509 1124 4573 duplicatur
1149 4510 1304 4574 equadrato
1328 4510 1377 4559 ΟΒ
1402 4519 1429 4560 et
1452 4508 1507 4570 DC)

188 4582 268 4642 major
286 4581 499 4644 parallelepipedo
518 4595 533 4631 e
551 4580 672 4645 quadrato
691 4578 737 4627 BV
755 4589 780 4629 et
799 4579 850 4639 ΟΥ,
869 4581 933 4645 quod
952 4587 1007 4629 erat
1024 4579 1251 4630 demonstrandum.

276 4652 326 4702 Sed
344 4666 383 4700 me
403 4655 452 4701 ieta
471 4652 569 4716 longine
588 4652 749 4700 detinuerunt
766 4664 840 4714 qnam
860 4651 989 4714 cupiebam
1002 4659 1047 4700 ant
1059 4653 1245 4700 constitueram.
1278 4651 1337 4702 Jam
1349 4652 1426 4702 liceat
1437 4651 1507 4707 nnhi.

189 4729 213 4769 te
234 4725 346 4784 promissi
371 4726 408 4774 tui
433 4723 571 4787 Hipparchi
595 4723 744 4779 admonere,
768 4737 841 4786 quem
867 4739 914 4787 ogo
934 4730 965 4787 let
988 4722 1031 4771 aiii
1057 4723 1140 4785 plures
1162 4726 1215 4785 jam
1240 4736 1286 4786 per
1311 4724 1407 4789 aliquot
1429 4736 1508 4772 anuos

189 4792 360 4843 vehementius
379 4797 517 4858 expetimus
537 4802 562 4844 ot
581 4801 762 4857 exspectamus.
800 4795 880 4858 Atque
901 4800 928 4843 ut
946 4793 1089 4858 intelligar.
1116 4803 1191 4857 quam
1210 4802 1310 4845 tuorum
1334 4795 1458 4845 studiosus
1477 4796 1507 4842 ait
