3112 5474
518 318 599 384 Caput
610 318 675 370 XIV.
701 320 798 370 Patres.
1261 302 1325 368 355

42 462 150 518 tamen
164 457 250 520 varie
266 457 401 521 fluctuat
443 461 525 523 Nam
545 461 626 524 inter
647 462 736 524 initia
754 461 874 524 videtur
889 461 1052 542 Sulpitium
1074 463 1218 531 Severum
1242 465 1326 544 sequi

41 545 190 608 riennium
206 547 319 609 addere
332 550 613 613 aeraehodiernae=
630 552 708 632 qnod
724 558 827 613 tamen
843 569 902 613 non
913 546 1108 614 consilio'sed
1124 573 1196 614 casu
1213 555 1325 615 factum

41 634 63 695 ri
85 635 177 712 fallor
197 636 435 701 hallucinatione
455 639 601 714 auctoris,
624 641 693 701 dum
709 647 917 722 contraquam
933 641 1053 702 v'eteres
1068 641 1194 720 primum
1211 640 1326 704 Christi

41 741 90 784 nm
106 723 192 786 illum
206 735 354 801 numerat,
369 746 428 809 quo
439 727 504 808 jam
521 736 650 790 exeunte
666 729 874 810 natnmponit,
889 730 1073 792 recentiores
1084 740 1324 811 coaetaneosque

41 832 49 872 s
65 821 201 889 secutus,
217 815 266 894 qui
281 815 508 892 incarnationis,
523 836 583 879 non
593 817 764 880 nativitatis
780 818 929 883 rationem
939 818 1117 881 habuerunt.
1140 821 1324 900 Progressus

41 919 71 962 re
89 903 130 963 ad
145 902 328 983 baptismum
339 905 454 968 Christi
470 906 665 987 quadriennio
681 914 806 987 superat
815 902 918 975 aeram
932 907 1117 981 hodiernam,
1133 909 1241 990 quippe
1256 915 1323 970 tra-

41 990 66 1052 is
91 992 280 1068 consulibus;
310 1012 485 1077 mrsumque
508 995 547 1056 ad
572 995 733 1057 triennium
763 1002 795 1058 et
819 996 858 1058 ad
882 996 1034 1059 biennium
1056 997 1144 1058 redit
1189 997 1323 1059 Tandem

41 1086 89 1140 sto
107 1089 141 1142 et
150 1088 309 1144 contracto
326 1084 493 1147 seeulomm
503 1084 612 1165 spatio,
629 1084 747 1159 alicubi,
764 1083 882 1147 scilieet
896 1103 955 1147 uno
972 1103 1051 1146 auno
1068 1086 1190 1160 extrito,
1206 1105 1272 1147 cum
1287 1086 1324 1149 iis

41 1168 157 1231 ratiam
173 1171 261 1246 redit,
284 1172 334 1252 qui
349 1192 438 1236 unum
455 1192 565 1236 annum
581 1173 698 1236 addunt
713 1192 803 1235 aerae
820 1180 960 1248 nostrae,
982 1182 1161 1237 constanter
1175 1194 1268 1256 usque
1285 1174 1325 1236 ad
1442 1189 1445 1195 ’

41 1277 66 1318 m
84 1259 237 1321 annalium
253 1279 372 1323 suorum
386 1263 552 1343 professus,
568 1282 600 1324 se
617 1262 662 1334 ab,
672 1281 743 1330 aera
758 1262 907 1344 Dionysii,
923 1281 999 1343 quae
1014 1264 1105 1326 hodic
1121 1263 1248 1337 obtinet,
1264 1264 1324 1325 dil-

41 1365 71 1420 e,
92 1347 168 1410 nihil
189 1357 289 1411 motus
304 1350 514 1433 receptissimo
531 1359 563 1413 et
574 1351 639 1431 jam
654 1359 727 1413 tunc
743 1352 859 1433 aliquot
874 1352 1042 1414 seculorum
1058 1359 1193 1414 aetatem
1208 1353 1324 1414 ferente
1411 1442 1418 1452 ,
1438 1378 1440 1382 ·
1501 1324 1504 1335 ,

42 1455 75 1511 e,
97 1438 274 1500 numerandi
297 1440 459 1502 secundum
481 1440 684 1522 Dionysium
714 1441 802 1502 ssiam
817 1440 910 1520 igitur
924 1441 1050 1502 Patrum
1065 1441 1186 1503 turbam
1202 1448 1324 1503 secutus

44 1543 85 1588 ex
106 1525 261 1589 hodiernis
280 1526 433 1609 Josephus
456 1527 595 1610 Scaliger
616 1529 739 1610 ejusque
760 1530 845 1591 velut
865 1529 1016 1609 interpres
1032 1528 1147 1593 Sethus
1164 1529 1324 1604 Calvisius,
1362 1537 1365 1545 ¹

41 1622 86 1675 mr
100 1614 305 1696 chronologici
321 1617 420 1698 operis
435 1618 588 1694 luculenti,
608 1618 686 1700 quod
703 1617 742 1679 ad
757 1618 978 1699 praescriptum
993 1617 1144 1698 Scaligeri
1160 1618 1324 1681 concinna-

63 1709 127 1765 est:
152 1705 201 1785 qui
222 1704 340 1767 utinam
360 1706 433 1769 illud
455 1707 556 1788 potius
580 1707 802 1788 expenderent,
824 1707 931 1789 quibus
954 1706 1122 1778 rationibus
1143 1707 1238 1769 innixi
1263 1707 1325 1770 sint

41 1809 101 1866 res,
124 1793 195 1875 qnid
210 1802 403 1875 spectantes,
425 1795 495 1876 qnid
509 1815 569 1858 non
586 1802 771 1876 spectantes,
786 1814 845 1877 qua
859 1795 1028 1858 intentione
1044 1796 1211 1871 affirment,
1234 1815 1323 1876 qnam

49 1881 166 1960 quales,
181 1890 256 1964 quot
270 1903 391 1947 numero
407 1883 526 1947 inerint
551 1885 631 1956 Nam
647 1883 716 1967 quid
728 1885 820 1965 juvat
834 1903 975 1947 numerus
991 1891 1024 1948 et
1039 1886 1216 1960 auctoritas,
1232 1885 1257 1947 si
1273 1903 1323 1947 res

41 1989 77 2031 er
93 1970 203 2035 saltem
219 1973 373 2035 affirmata
389 1974 451 2035 sit?
1241 1994 1246 2008 ·

62 2058 100 2121 In
121 2060 300 2140 posterioris
323 2062 493 2124 sententiae
515 2061 733 2137 assertoribus,
756 2061 806 2145 qui
828 2062 880 2124 42.
894 2062 1028 2143 Augusti
1043 2061 1158 2124 habeut
1181 2063 1219 2125 ab
1235 2062 1322 2125 initio

41 2148 156 2224 eriori,
177 2149 362 2213 tricesimum
377 2150 493 2216 Christi
508 2151 683 2231 intelligunt
697 2151 887 2225 inchoatum,
909 2151 1054 2213 familiam
1077 2151 1186 2213 ducere
1202 2151 1322 2213 videtur

41 2237 142 2312 abins,
164 2239 214 2319 qui
230 2258 375 2302 annorum
400 2261 418 2303 a
435 2239 557 2303 Christo
580 2249 653 2303 nato
677 2240 786 2303 seriem
802 2240 967 2322 explicavit
986 2240 1017 2302 iu
1040 2259 1154 2302 canone
1171 2240 1322 2314 chronico,

41 2345 52 2388 s
76 2327 196 2389 auctior
218 2336 267 2390 est
287 2330 477 2391 unorsaltem
500 2347 579 2390 anno
602 2348 691 2411 quam
716 2349 789 2392 aera
810 2329 901 2399 nobis
920 2330 1052 2403 usitata;
1087 2330 1322 2410 continuataque

40 2435 68 2477 re
86 2416 125 2478 ad
136 2436 252 2479 annum
266 2413 340 2481 327.
358 2426 390 2480 et
403 2417 573 2480 vicennalia
584 2417 789 2481 Constantini.
822 2416 910 2490 Quod
924 2419 1005 2480 idem
1021 2427 1053 2480 et
1069 2417 1159 2480 aliter
1173 2427 1322 2483 testatum

41 2506 110 2586 quit,
132 2503 202 2568 dum
224 2506 369 2569 nimirum
382 2506 576 2569 nativitatem
592 2502 707 2570 Christi
730 2508 862 2570 collocat
883 2508 922 2568 ad
939 2526 1049 2569 annum
1070 2507 1099 2568 3.
1117 2506 1236 2589 Olymp.
1250 2506 1322 2582 194,
1380 2509 1387 2511 “

41 2614 56 2656 e
71 2595 93 2657 J
95 2594 202 2657 udaieo
224 2604 257 2658 et
279 2597 488 2659 ecclesiastico
505 2617 523 2658 a
538 2595 635 2659 Nisan
651 2596 701 2677 qui
715 2596 874 2678 praecedit
895 2596 982 2658 ludos
1002 2596 1157 2675 inceptae,
1179 2604 1321 2676 utsupra

55 2684 203 2764 exemplis
220 2703 257 2746 ex
273 2686 339 2765 ipso
349 2684 481 2757 Eusebio
497 2684 752 2760 demonstratum
769 2703 938 2766 quanquam
954 2685 999 2746 sui
1009 2684 1163 2747 dissimilis
1179 2685 1209 2747 in
1219 2683 1319 2747 histo-

41 2773 255 2836 ecclesiaetica
277 2773 464 2837 Clementem
485 2772 726 2836 Alexandrinum
748 2781 886 2847 secutus,
909 2774 1039 2835 collocet
1062 2770 1188 2836 eandem
1204 2773 1320 2837 Christi
1442 2796 1444 2804 s

41 2863 168 2924 ritatem
190 2863 229 2924 ad
245 2879 355 2925 annum
371 2863 423 2925 28.
438 2862 660 2943 Aegyptiorum
682 2869 714 2923 et
730 2863 774 2924 sic
797 2862 836 2924 ad
851 2861 1005 2924 linientem
1026 2862 1078 2923 43.
1093 2861 1246 2925 Julianum
1260 2882 1321 2925 una

51 2951 212 3032 prioribus.
259 2950 323 3015 Sed
337 2952 439 3014 tritior
461 2958 510 3014 est
525 2952 609 3013 facta
632 2950 696 3031 ejus
719 2951 819 3013 altera
834 2949 987 3013 sententia
1008 2952 1075 3033 ipso
1092 2970 1181 3032 opere
1197 2951 1319 3014 chroni-
1418 3013 1423 3019 .

41 3059 75 3101 un
91 3058 247 3116 canonum,
263 3041 347 3121 cujus
362 3041 475 3104 multus
491 3047 559 3103 erat
572 3059 654 3115 usus,
669 3058 781 3121 magna
795 3040 923 3103 utilitas.
952 3041 1059 3120 Itaque
1076 3048 1108 3101 ct
1117 3040 1319 3122 Hieronymus

41 3132 163 3210 hesper,
185 3130 413 3193 continuatores
428 3129 567 3203 Eusebii,
587 3129 639 3191 ille
655 3129 749 3192 etiam
772 3129 949 3202 translator,
969 3128 1027 3190 hoc
1043 3129 1093 3191 filo
1109 3137 1316 3210 perrexerunt,

41 3219 109 3280 ariis
124 3237 228 3281 aeram
244 3218 452 3282 adscribentes
475 3237 553 3280 anno
569 3236 629 3280 uno
644 3225 770 3280 tantum
781 3218 945 3281 auctiorem
961 3225 1081 3293 nostra,
1103 3219 1154 3280 ille
1169 3239 1263 3300 usque
1280 3219 1318 3281 ad

41 3325 83 3369 un
99 3301 174 3382 379,
188 3307 237 3371 hic
252 3327 346 3389 usque
362 3308 400 3369 ad
417 3327 528 3369 annum
542 3302 616 3370 446.
650 3307 814 3370 Eusebium
831 3299 1067 3388 chrysostomus
1091 3315 1123 3369 et
1140 3307 1252 3370 Gracci
1267 3307 1319 3370 alii

41 3396 173 3471 oriones,
195 3397 410 3478 Hieronymum
431 3396 622 3480 Augustinus
644 3403 677 3457 et
697 3395 801 3458 Latini
822 3397 916 3459 veluti
939 3397 1084 3458 classicos
1110 3404 1250 3459 auctores
1274 3397 1318 3459 sic

41 3492 155 3560 cuntur,
177 3485 274 3567 utqui
290 3485 448 3548 chronicas
465 3483 659 3566 quaestiones
675 3485 844 3548 rectissime
867 3485 1083 3560 tractaverint;
1107 3485 1164 3566 ipsi
1173 3486 1319 3565 judicium

55 3574 268 3655 interponunt,
290 3580 410 3636 tantum
426 3574 554 3655 accepta
575 3595 594 3636 a
610 3574 803 3653 chronologis
824 3575 967 3636 referunt.
1012 3575 1115 3655 Atque
1130 3574 1186 3635 hos
1201 3592 1319 3637 rursum

41 3660 181 3725 rodiernis
198 3663 293 3726 secuti
310 3669 381 3725 sunt
396 3662 577 3726 Gerhardus
588 3663 744 3725 Mercator
760 3670 792 3725 et
805 3662 987 3742 Buntingus,
1009 3662 1170 3742 diligentes
1188 3663 1316 3725 chrono-

41 3799 49 3825 ,
73 3752 128 3813 sed
151 3752 201 3833 qui
223 3752 359 3815 rationes
380 3751 570 3814 Eusebianae
593 3759 770 3833 spectantes
792 3751 913 3814 interim
933 3751 1008 3814 nihil
1030 3751 1115 3832 pensi
1138 3750 1318 3824 habuerunt,

41 3841 121 3903 nodo
143 3840 290 3903 historias
313 3858 379 3902 eum
401 3840 569 3921 Evangelio
590 3839 795 3903 conciliarent.
838 3839 882 3903 Et
902 3840 1022 3902 videtur
1042 3838 1191 3901 Eusebius
1214 3859 1317 3901 omnes

41 3948 120 3991 iaces
135 3929 304 3991 hacunare
319 3929 488 3992 reddidisse
505 3948 636 4004 securos,
653 3929 732 4009 quod
748 3929 984 3992 annosHerodis
1000 3923 1042 3990 37
1059 3947 1125 3991 cum
1137 3927 1315 3991 laturiam

41 4014 117 4096 siens
139 4018 170 4080 in
184 4017 306 4081 Juliano
322 4013 374 4080 49.
389 4018 464 4093 finit,
484 4017 575 4098 plena
588 4017 707 4092 fiducia,
730 4018 937 4080 securissimus
952 4015 1095 4098 Josephi,
1116 4016 1200 4078 velut
1215 4037 1247 4079 re
1261 4036 1317 4098 per

41 4107 134 4188 quida
149 4115 182 4168 et
197 4106 287 4170 sacili.
316 4108 395 4170 Nam
411 4108 460 4188 qui
475 4107 624 4181 viderunt,
639 4105 770 4168 Herodis
785 4102 828 4169 37
844 4126 941 4168 annos
962 4105 1084 4168 extendi
1105 4106 1188 4167 ultra
1202 4106 1315 4168 nativi·
1428 4102 1432 4116 ’

41 4214 68 4257 m
84 4194 200 4260 Christi
213 4195 433 4270 Eusebianam,
453 4195 490 4271 ii,
512 4214 571 4258 non
588 4202 724 4269 attento,
747 4203 859 4276 quanto
876 4195 963 4257 citius
979 4194 1049 4256 illos
1063 4194 1216 4275 Josephus
1230 4195 1315 4257 ince-

41 4291 59 4358 t,
74 4285 154 4366 quod
168 4283 317 4347 Eusebius
333 4284 554 4361 dissimulatum
570 4283 690 4355 silentio
706 4283 885 4359 transmisit,
907 4284 1020 4346 nullum
1037 4282 1128 4345 etiam
1145 4284 1315 4364 scrupulum

41 4380 136 4435 erunt
155 4375 237 4436 circa
255 4373 424 4436 dissensum
445 4373 636 4436 Eusebianae
659 4371 775 4438 Christi
797 4372 985 4447 nativitatis,
1009 4391 1086 4454 quae
1112 4372 1166 4434 sub
1191 4373 1313 4434 Herode

41 4483 70 4537 a,
92 4462 130 4525 ab
151 4461 279 4524 historia
300 4463 443 4543 Josephi,
467 4463 517 4544 qui
539 4461 690 4524 Herodem
715 4468 808 4523 antea
831 4468 979 4524 mortuum
1004 4461 1136 4523 exhibet.
1180 4461 1216 4522 Id
1237 4460 1313 4523 adeo

41 4569 89 4625 rm,
110 4557 144 4613 ut
158 4550 246 4614 hodie
262 4551 425 4615 Eusebium
441 4569 531 4633 super
544 4550 631 4613 initio
646 4550 733 4629 regni
747 4550 878 4612 Herodis
893 4569 960 4612 curn
974 4549 994 4610 J
996 4550 1110 4630 osepho
1127 4548 1314 4613 committere

41 4646 105 4719 sque
126 4638 211 4701 illum
225 4642 378 4722 praeferre
395 4641 543 4714 audeant,
563 4640 616 4702 isti
632 4628 727 4702 'fidem
750 4639 912 4720 derogent3
934 4638 1059 4721 perinde
1082 4658 1118 4702 ac
1142 4638 1257 4701 sinibil
1273 4638 1314 4701 ad

41 4729 190 4803 taceret,
209 4724 297 4811 ¹quod
310 4729 461 4793 Eusebius
483 4728 630 4792 trecentis
653 4727 740 4790 annis
762 4728 915 4790 Herodem
937 4728 1071 4809 adeoque
1094 4735 1127 4791 et
1146 4728 1311 4809 Josephum

41 4822 94 4880 itas
109 4818 246 4881 omuibus
259 4818 400 4883 veritatis
415 4818 609 4901 inquirendae
626 4817 722 4899 copiis
734 4817 755 4878 J
757 4816 870 4899 osepho
886 4824 971 4878 esset
985 4817 1116 4879 inferior.
1173 4843 1175 4847 ·

479 4925 482 4931 '
1050 4919 1102 4972 29·
