3134 5482
208 194 269 253 378
720 193 828 257 Ecle'gae
854 191 999 241 Chronicae.

285 370 457 424 Calvisius
487 372 576 440 (Epist.
595 376 640 438 l.):
680 374 723 428 Ad
748 372 858 425 tertium
882 375 1072 441 argumentum
1097 373 1133 423 ds
1158 369 1237 422 obitu
1258 368 1376 439 Philippi
1398 369 1483 437 (plttl
1531 376 1558 390 '¹

141 482 145 500 .
206 454 364 520 respondeo,
385 451 442 520 ejus
462 459 575 503 mortem
595 451 690 504 referri
712 469 731 505 a
750 453 871 520 Josepho
892 469 942 511 sex
962 451 1099 503 mensibus
1121 451 1179 504 fere
1200 458 1270 503 ante
1291 450 1392 510 obitum
1402 449 1484 501 Tiberii.

206 531 235 583 si
261 550 293 583 eo
318 538 439 599 tempore
464 530 550 598 igitur
575 538 695 598 mortuus
721 538 771 592 est,
793 531 900 601 quaudo
921 547 978 599 pax
999 530 1076 584 fact-a
1096 530 1166 583 inter
1187 530 1309 583 Parthos
1330 538 1358 582 et
1379 531 1490 587 Romana.
1542 527 1546 576 l

191 611 361 680 'provinciae
386 610 444 679 ejus
469 610 578 663 virente
603 610 710 664 Tiberio
736 611 892 678 provinciae
916 610 1016 679 Syriae
1049 610 1163 665 attribui
1188 616 1351 678 potuerunt.
1397 608 1492 664 Arbitrer

206 690 299 761 itaque
319 707 380 742 curn
399 689 550 759 scaligero,
572 690 697 757 sphalma
717 696 776 743 esse
798 691 825 743 in
845 691 973 757 Josepho.

294 781 487 865 Keplerus
511 789 600 858 (Epist.
620 792 683 857 11.):
714 783 803 861 Quae
830 782 926 845 tertio
953 786 1154 862 argumento.
1170 779 1296 865 objicis,
1325 784 1400 842 sunt
1424 799 1442 840 a
1465 799 1497 841 ne

205 871 283 934 satis
306 869 420 948 diluta,
443 870 520 933 dum
537 871 697 952 Scaligere
719 870 909 953 respondeo.
943 870 1015 933 Nou
1038 870 1114 933 dicit
1128 870 1301 952 Josephns,
1326 874 1345 933 6
1365 867 1499 931 mensibus

206 966 281 1022 ante
309 959 429 1021 exitum
456 958 571 1023 Tiberii
595 965 763 1023 ¹mortuum
790 958 987 1042 Philippum,
1018 959 1074 1042 sed
1101 963 1274 1040 postquam
1308 957 1501 1021 contiumaaet

205 1047 370 1111 historiam
393 1049 560 1128 usquead
584 1056 602 1115 6
626 1069 751 1111 menses
775 1069 794 1111 a
816 1054 919 1111 morte
941 1046 1066 1124 Tiberii,
1090 1045 1233 1133 subjicit:
1262 1050 1344 1109 tunc
1368 1045 1502 1127 (tempere

206 1135 291 1200 illius
322 1136 492 1222 continuae
523 1136 673 1200 historiae
704 1137 833 1201 biennii*
847 1141 908 1199 varu
941 1135 1081 1218 plurium
1116 1155 1293 1213 annorum,
1330 1133 1390 1197 sub
1419 1133 1503 1197 Pilato

206 1225 368 1303 nimirum)
392 1222 566 1290 decessisse
588 1225 770 1309 Philippum
792 1226 936 1289 vicesimo
960 1224 1094 1289 Tiberii..
1130 1223 1263 1307 Subjicit
1286 1223 1332 1286 sic
1360 1244 1422 1285 non
1443 1221 1504 1285 haec

206 1319 344 1390 tautum,
367 1308 424 1377 sed
447 1319 480 1376 et
493 1314 576 1402 =alia,
600 1333 683 1396 quae
706 1315 916 1377 certissimum
939 1319 988 1376 est
1008 1314 1097 1397 prius
1120 1313 1206 1376 lacta
1228 1332 1310 1376 esse.
1348 1311 1390 1375 Et
1411 1311 1506 1374 urirun

207 1408 266 1479 est,
289 1423 362 1465 cum
384 1403 653 1485 portamyideaS,
675 1402 756 1466 velle
773 1409 1026 1485 teperrumpere
1047 1400 1185 1465 solidum
1207 1398 1505 1480 murumethsephi

206 1495 330 1553 textum
353 1490 425 1553 falsi
447 1511 592 1570 arguere.
628 1490 710 1570 Quid
732 1513 812 1574 opus
835 1492 909 1553 cst?
933 1493 982 1553 An
1004 1509 1067 1554 non
1090 1486 1172 1553 bene
1194 1494 1261 1552 stat
1283 1489 1417 1552 historia
1437 1507 1505 1553 ame

206 1579 355 1642 ordinata
377 1581 565 1661 numerique
587 1601 696 1643 omnes
718 1579 849 1663 ‹losephi
871 1579 930 1643 sibi
951 1579 1155 1660 congruunt?

285 1689 456 1743 Calvisius
477 1676 566 1759 (Epist.
585 1694 631 1757 l.):
672 1692 715 1746 Ad
736 1699 863 1760 quartum
883 1694 917 1743 de
937 1690 1031 1758 eclipsi
1051 1692 1086 1759 (p.
1108 1692 1185 1757 189.).
1207 1690 1334 1742 Herodes
1355 1696 1418 1756 post
1436 1689 1504 1755 eclip·

206 1768 247 1821 sin
273 1769 391 1822 intentus
417 1770 469 1822 suit
494 1780 522 1823 et
548 1771 657 1822 medicis
684 1772 857 1855 accersendiq
879 1778 908 1823 et·
928 1766 1130 1823 medicamentis
1151 1768 1342 1838 acquirendis;
1372 1775 1465 1835 postes
1482 1784 1508 1818 er

206 1848 315 1901 consilio
341 1849 503 1903 medicorum
527 1850 703 1918 proficiscitur
729 1853 870 1920 adaquas
891 1850 994 1912 calidas
1015 1857 1091 1902 trans
1110 1849 1261 1910 Jordanem
1283 1848 1377 1916 ibique
1399 1846 1507 1898 scierit

206 1930 271 1983 lude
291 1928 496 1983 Hierichuntem
515 1932 627 1991 relatus,
642 1948 679 1983 ex
695 1939 757 1982 atra
772 1931 825 1983 bile
839 1934 1046 1999 praegravante
1062 1947 1094 1980 eo
1112 1927 1290 1982 immanitatis
1306 1927 1451 1995 prolapsus
1470 1937 1509 1984 est

206 2016 237 2060 ut
272 2008 369 2061 minaci
401 2010 489 2062 edicto
521 2010 671 2063 nobiliores
707 2011 873 2062 ludaeorum
904 2009 1060 2063 convocarit
1090 2025 1190 2076 eosque
1215 2015 1279 2076 post
1306 2014 1423 2059 utonem
1448 2023 1509 2057 suan

206 2088 291 2140 occidi
314 2086 438 2142 voluerit.
480 2091 546 2142 lnde
571 2098 704 2142 venerunt
724 2090 811 2159 legati
833 2098 862 2142 et
882 2089 980 2142 literae
1000 2090 1087 2142 Roma
1107 2087 1215 2149 missae,
1237 2087 1339 2157 quibus
1360 2086 1510 2155 pennittitnr

205 2167 308 2221 Herodi
327 2142 608 2236 potestas⁶statuendi
629 2171 663 2223 de
682 2169 744 2240 filio.
786 2171 845 2230 Quo
866 2169 963 2223 nuncio
984 2175 1124 2222 recreatus
1140 2167 1204 2219 luit:
1226 2169 1275 2220 sed
1292 2167 1430 2234 repetitus
1445 2163 1511 2235 grnri

206 2248 307 2310 dolore,
334 2248 384 2300 sibi
409 2264 517 2303 manum
538 2248 637 2301 inferre
657 2249 751 2309 voluit,
776 2249 929 2317 prohibitus
950 2256 1042 2301 autem
1062 2247 1175 2300 interfici
1197 2253 1278 2299 curat
1297 2247 1473 2315 Antipatrum
1490 2255 1511 2295 et

182 2349 185 2355 .
207 2326 300 2398 quinto
326 2327 370 2380 die
395 2344 413 2381 a
438 2336 524 2380 inerte
544 2329 682 2397 Antipatri
708 2329 765 2382 lato
791 2329 924 2405 fungitur.
965 2327 1110 2398 Exequiae
1130 2327 1192 2379 inde
1211 2333 1353 2395 parantur
1372 2326 1434 2395 regi
1453 2325 1511 2377 eele-

207 2403 351 2470 berrimae,
391 2408 502 2462 Interim
521 2411 616 2478 procul
636 2409 717 2461 dubio
739 2411 774 2462 ad
795 2410 833 2463 30
849 2410 916 2470 dies,
938 2416 968 2461 ut
983 2407 1227 2461 consuetudo'mlit
1242 2407 1511 2473 eorumpepnlerun.

207 2486 354 2554 unguentis
383 2495 412 2540 et
441 2488 562 2541 balsamo
593 2496 705 2541 curatus
731 2496 779 2542 est.
822 2488 996 2542 Transfertur
1022 2487 1083 2539 iude
1108 2503 1205 2555 corpus
1231 2485 1294 2553 ejus
1321 2485 1469 2537 Heredium
1491 2488 1512 2533 et

206 2566 357 2620 Archelaus
373 2576 435 2636 post
445 2567 501 2620 dies
511 2575 615 2654 peptem
629 2569 728 2644 populo
744 2570 853 2638 epulum
867 2569 949 2628 dedit,
966 2567 993 2621 in
1007 2568 1135 2635 templum
1150 2561 1281 2625 ascendit,
1299 2565 1349 2617 ubi
1359 2582 1411 2617 rex
1420 2564 1511 2632 procla

206 2653 296 2698 matur
317 2663 335 2699 a
353 2649 461 2716 populo.
488 2649 552 2702 Inde
567 2648 747 2701 conciliabula
761 2647 981 2709 habentJuduei,
997 2647 1081 2700 ulturi
1097 2647 1209 2698 caedem
1223 2647 1280 2698 400
1300 2644 1511 2701 adolescentium

205 2725 418 2797 seditionemque
447 2735 596 2788 moverunt,
628 2745 698 2798 quae
726 2729 752 2780 in
780 2729 837 2780 dies
858 2728 951 2790 crevit,
983 2728 1068 2780 donec
1089 2726 1115 2778 in
1137 2724 1206 2778 festo
1227 2724 1380 2792 paschatos
1400 2722 1509 2792 peregri·

168 2832 171 2841 ι
204 2820 300 2872 norunt
325 2809 445 2860 adventu
471 2815 635 2877 augeretur3
662 2808 698 2861 ibi
725 2807 818 2860 occisis
846 2808 923 2864 3000
951 2807 1047 2860 seditio
1068 2806 1137 2858 haee
1157 2805 1269 2875 quierit.
1312 2804 1381 2865 Quis
1402 2804 1445 2856 hic
1463 2818 1513 2853 rere

116 2951 121 2968 .
206 2886 342 2939 affirmare
362 2887 472 2956 poterit,
493 2888 562 2940 haec
582 2888 661 2941 nnius
682 2887 780 2941 mensis
801 2887 889 2966 spatio
909 2887 968 2940 lieri
989 2885 1127 2954 potuisse?
1484 2931 1485 2935 ,

294 2977 485 3059 Keplerus
508 2987 597 3054 (Epist.
617 2989 680 3056 11.):
704 2980 751 3043 De
775 2979 895 3062 eclipsi.
940 2978 1064 3043 Videris
1087 2975 1236 3041 admetiri
1264 2975 1411 3059 syllabas
1431 2974 1511 3038 histo

204 3065 272 3129 riae
296 3065 336 3129 de
359 3072 461 3130 morte
484 3069 634 3146 Herodis,
653 3073 701 3152 'ut
721 3068 758 3132 iis
781 3074 908 3150 tempus
929 3062 1088 3132 'metiaris
1133 3065 1296 3129 Atrocitas
1321 3065 1368 3128 rei
1390 3061 1512 3145 losepho

205 3154 307 3218 multa
328 3154 425 3219 verba
447 3156 593 3253 extorsit.
627 3157 693 3221 Res
714 3158 800 3239 ipsas
823 3156 911 3221 vide:
933 3155 1073 3225 medicos
1096 3153 1235 3236 exomni
1257 3153 1422 3236 provincia
1442 3152 1513 3215 iutra

205 3243 347 3306 triduum
372 3265 482 3325 cogere
507 3247 625 3328 potuit,
654 3245 819 3309 consilium
841 3246 927 3310 intra
949 3244 1061 3308 horam
1088 3247 1239 3326 poteraut
1266 3242 1383 3306 medici
1406 3234 1511 3315 dare‘l

206 3331 353 3395 Hiericho
375 3332 475 3397 distat
496 3333 722 3417 Hierosolymis
756 3334 859 3398 nrinus
893 3338 983 3417 puto,
1017 3352 1116 3417 quam
1149 3330 1292 3396 thermae
1320 3331 1512 3395 Alsaticaea

205 3420 317 3484 ricinia
338 3421 499 3487 Austriae.
524 3422 697 3488 Octiduum
719 3428 788 3494 este
809 3424 842 3487 iu
861 3423 992 3486 thermis
1015 3424 1226 3485 consumtum.
1251 3419 1356 3483 Putas
1373 3425 1421 3499 tu,
1437 3437 1510 3480 men·

205 3508 391 3574 sem'fuisse
419 3515 487 3574 tarn
513 3510 603 3577 nullo
631 3529 790 3576 successu*
807 3511 1023 3576 valetudinis?
1056 3509 1124 3573 Nec
1147 3507 1223 3572 dicit
1243 3508 1423 3592 Josephus,
1448 3526 1509 3569 con·

205 3604 335 3662 vocatos
357 3620 506 3682 proceres
528 3606 602 3684 post
623 3600 774 3665 reditum.
812 3602 915 3666 Erant
935 3600 984 3665 illi
1005 3599 1087 3664 forte
1109 3596 1353 3679 Hierosolymis,
1375 3616 1447 3660 curn
1467 3614 1510 3679 rex

204 3686 322 3769 incepit
343 3693 528 3769 aegrotare,
556 3688 598 3753 ob
620 3689 676 3753 filii
699 3689 937 3765 damnationem
964 3686 1146 3752 convocati:
1175 3684 1305 3748 Herode
1329 3686 1363 3749 in
1384 3684 1510 3748 thermas

205 3782 301 3838 eunte
325 3776 545 3852 substiterunt¹
558 3779 589 3842 in
613 3778 777 3857 Hiericho,
807 3778 910 3842 secuti
937 3797 1046 3858 regem
1074 3774 1301 3855 hactenus.**)
1355 3774 1423 3838 Nec
1450 3770 1510 3836 dicit

196 3863 379 3947 -losephus,
402 3873 575 3949 postquam
598 3867 741 3931 Herodes
763 3866 1002 3931 Hierichuntem
1024 3865 1125 3940 venit,
1148 3863 1253 3927 Roma
1280 3863 1384 3928 exisse
1406 3862 1509 3941 legate

205 3954 288 4034 regis
315 3960 348 4017 et
374 3976 481 4035 regem
508 3954 707 4019 Hierichunti
733 3956 901 4038 reperisse.
953 3946 1085 4018 Contra*
1100 3951 1160 4016 hoc
1190 3958 1331 4035 apparet
1361 3951 1452 4015 satis:
1478 3946 1508 4011 sl

206 4061 338 4104 excessu
350 4045 432 4123 regis
443 4043 638 4108 Archelaum
661 4045 770 4107 statim
782 4044 904 4107 venisse
919 4044 951 4106 in
967 4048 1095 4106 coetum
1117 4038 1331 4106 Judaeorum.
1366 4038 1507 4120 Faequiae

205 4150 279 4193 vcro
304 4136 336 4193 et
354 4129 500 4195 balsama
523 4141 655 4196 curatae
678 4138 754 4195 sunt
776 4134 809 4196 ni
828 4132 926 4210 ¹sallon·
943 4130 1109 4207 alibertis,
1132 4129 1438 4213 apharmacopaeis
1459 4144 1505 4188 nen

203 4217 404 4302 inspectante
416 4221 583 4321 Archelao,
595 4222 707 4303 utique
718 4242 758 4285 ue
770 4221 914 4306 corporis
931 4219 1057 4305 paterni
1072 4223 1181 4302 partes
1198 4217 1385 4285 inhonestas
1396 4216 1505 4287 rideret,

299 4416 324 4481 *l
345 4418 401 4475 Vix
422 4438 504 4475 unam
525 4422 595 4476 diem
616 4439 653 4475 ex
673 4422 788 4475 historia
809 4422 930 4476 eviceris.

284 4499 325 4561 “l
347 4502 469 4554 Graecus
497 4510 592 4556 textus
618 4502 670 4554 hoc
697 4503 823 4566 insinuat,
851 4503 936 4573 primo
957 4499 1050 4553 statim
1072 4499 1099 4553 in
1118 4498 1328 4553 Hierichuntem
1349 4503 1500 4551 corruentes:

205 4584 236 4649 et
253 4581 335 4634 facile
355 4582 502 4653 colligitur,
524 4599 620 4654 regern
635 4583 795 4636 decubuisse
816 4600 868 4636 non
885 4581 1089 4650 Hierosolymis,
1111 4579 1201 4633 sedin
1217 4579 1319 4632 ricinia
1334 4570 1498 4632 Hierichuntis

205 4660 365 4715 Alexrmdrii
394 4672 443 4716 out
462 4663 583 4725 Herodii,
611 4664 736 4717 castellis
753 4665 787 4717 ab
809 4664 867 4732 ipso
887 4661 1043 4724 exstructis,
1071 4660 1167 4713 autin
1189 4660 1249 4727 ipso
1271 4659 1378 4728 oppido,
1398 4656 1437 4709 uti
1454 4655 1498 4703 ml
1556 4695 1560 4733 ξ

206 4756 300 4794 carcer
321 4742 466 4811 Antipatri.
1554 4743 1557 4763 i
