3112 5474
478 282 627 348 amru.
651 282 845 336 memmi
1133 220 1135 225 λ
1257 259 1322 330 ³03

22 424 42 487 ic
54 431 189 488 numerat
202 425 283 487 idem
296 424 449 506 Jusephus
463 425 668 490 Herediadum
682 444 778 489 annos
799 448 818 488 a
832 425 932 507 captis
945 383 1144 508 ierosolymis
1160 426 1199 487 ad
1211 443 1323 489 eversa
1350 408 1353 419 ’

22 508 56 576 tt.
92 513 184 595 Cepit
204 515 309 576 urbeui
324 512 430 577 Sosius
450 534 533 577 aune
548 516 670 578 Juliano
684 514 714 580 9.
757 515 845 579 Titus
867 515 978 577 evertit
997 533 1076 577 anno
1098 513 1219 577 Juliauo
1244 513 1322 590 1153

22 603 55 672 uri
69 612 141 665 suut
156 603 245 665 solidi
262 601 334 665 106.
357 604 506 678 Numerat
520 603 613 686 igitur
627 604 718 667 ethic
731 603 885 679 inclusive,
900 603 1123 667 connumeratis
1130 603 1162 665 in
1178 621 1322 666 summam
1384 648 1387 656 s

22 693 71 754 uis
87 691 116 755 9.
132 700 166 754 ιι
183 691 402 756 neumenia.
475 727 477 732 ·

68 780 122 844 Ad
141 781 221 844 hauc
242 781 343 862 legem
363 781 513 844 numerari
535 781 643 845 solitos
664 800 732 845 esse
756 799 851 843 annm
866 780 979 844 Tiberii
1000 780 1081 863 apud
1095 780 1325 862 Evangelistam
1448 817 1450 825 ι

22 887 96 931 ιιι-ιιι
118 876 355 948 cousentaneum
377 878 441 946 est3
470 879 506 932 ιιι
520 870 656 953 quamvis
678 870 765 934 initio
786 869 856 932 anui
870 869 984 933 Juliani
998 868 1050 933 59.
1064 869 1192 947 Judaico
1216 887 1323 949 super·
1447 943 1449 949 ¹

22 966 100 1021 reret
113 960 289 1038 Augustus,
310 959 413 1039 itaque
429 978 524 1021 nouus
539 960 674 1041 Augusti
694 951 902 1024 numeraretdr
920 958 952 1020 in
966 958 1086 1022 Judaea
1102 952 1187 1037 (uam
1201 957 1323 1021 Juliauo

23 1091 31 1107 .
46 1046 308 1127 primumJudaea
322 1048 361 1111 ad
370 1048 542 1128 Augustum
557 1043 667 1130 venit),
688 1055 791 1111 tamen
807 1067 826 1108 a
840 1063 943 1109 meuse
957 1047 1100 1128 Augusto
1116 1047 1188 1109 anni
1201 1044 1254 1110 59.
1267 1066 1323 1109 us·

22 1154 35 1197 e
58 1136 102 1197 ad
121 1135 354 1216 Aprilemauui
368 1135 418 1199 60.
440 1137 552 1217 primus
573 1137 678 1200 itidem
699 1143 907 1200 numeraretur
922 1135 1042 1198 Tiberii.
1080 1135 1134 1199 Sic
1155 1155 1183 1197 n.
1207 1154 1325 1199 rursum

22 1225 136 1305 sephus
159 1231 191 1287 et
205 1232 277 1306 post
291 1225 374 1288 illum
388 1225 575 1307 Epiphanius
592 1246 688 1289 annos
710 1232 871 1288 numerant
883 1224 1046 1299 Actiacos,
1068 1244 1122 1287 seu
1136 1232 1171 1286 ut
1184 1224 1323 1305 Epipha-

22 1332 63 1387 ιι,
87 1320 190 1379 tunes
202 1313 421 1394 conjunctionis
436 1314 619 1378 Judaeorum
642 1334 708 1377 cum
723 1313 885 1388 Romanis,
909 1320 944 1375 ut
958 1313 1027 1394 quia
1043 1320 1163 1390 aestate
1186 1313 1256 1375 anui
1274 1313 1323 1376 15.

22 1402 96 1464 ιίιιιί
118 1403 218 1465 rictus
231 1404 401 1479 Antonius,
423 1403 548 1465 orientis
570 1423 665 1487 eoque
675 1462 677 1466 .
687 1410 720 1467 et
739 1403 877 1467 Jndseae
893 1402 1040 1484 dynasta,
1062 1410 1147 1464 totus
1160 1401 1212 1464 ille
1227 1421 1325 1465 annus

22 1489 119 1554 Nisan
145 1491 185 1554 ad
204 1491 303 1555 Nisan
325 1493 476 1555 diceretur
497 1511 594 1555 annus
612 1491 762 1557 Actiacae
783 1491 945 1565 uictoriae,
971 1510 1031 1572 qua
1052 1490 1180 1554 victoria
1205 1490 1325 1553 Judaici

22 1580 63 1642 rdi
79 1573 132 1660 (ut
147 1598 229 1642 more
244 1588 351 1644 nostro
367 1577 491 1663 loquar)
505 1581 666 1645 dominium
682 1582 722 1644 ad
735 1582 908 1662 Augustum
921 1581 1014 1643 veuit
1044 1580 1093 1642 De
1107 1579 1237 1643 Neronis
1253 1599 1325 1643 vero

22 1668 70 1731 uis
93 1669 168 1731 nihil
184 1677 234 1732 est
249 1671 378 1746 certius,
400 1689 488 1753 quam
512 1671 592 1752 quod
605 1671 757 1751 Joeephus
779 1670 848 1732 illos
868 1676 922 1751 aut
942 1669 973 1730 iu
999 1668 1038 1732 15
1061 1668 1148 1750 paria
1169 1667 1344 1732 consulum·

22 1764 35 1818 t
48 1759 80 1820 in
100 1758 140 1820 15
158 1756 602 1822 auuosJudaicos‘distributos
614 1766 760 1834 numeret,
775 1758 910 1840 quamvis
920 1758 1002 1821 Nero
1013 1758 1109 1821 solum
1126 1757 1166 1821 13
1182 1776 1278 1820 annos
1293 1764 1327 1820 et

22 1865 104 1909 enses
126 1847 148 1910 8
167 1848 376 1929 imperaverit:
400 1848 549 1911 successit
570 1848 649 1912 euim
663 1849 746 1912 Nero
763 1854 920 1923 autumno,
942 1846 1082 1912 occubuit
1103 1853 1232 1909 aestate.
1260 1845 1325 1909 Sed

35 1936 93 1999 hoe
108 1936 198 2018 plura
210 1936 243 1999 in
258 1937 382 2020 Eulogis
394 1936 581 2018 Epistolicis
722 1950 727 1959 ·

306 2265 308 2271 ’
421 2245 428 2263 ’
479 2218 775 2389 *capusum
899 2224 902 2236 ⁸

34 2467 196 2532 Proow
211 2442 396 2531 auctoritem
410 2464 550 2550 Iosoptse',
564 2475 722 2532 πιοιιιιιιηι
734 2486 801 2531 ease
814 2414 975 2531 Herodem
989 2486 1070 2531 omo
1079 2464 1212 2533 Jots'ouo
1226 2463 1284 2543 42,
1373 2501 1378 2514 ·

155 2563 292 2639 promor
299 2558 372 2640 fere
387 2555 480 2620 crusis
493 2564 566 2621 uerte
575 2557 769 2640 principiam
782 2576 876 2619 ceros
889 2563 1014 2653 nostrus
1028 2555 1168 2620 wuolia

76 2735 236 2797 Hactenus
256 2733 289 2797 in
302 2733 514 2816 praeparando
536 2734 644 2797 fuimus
659 2732 808 2815 occupati,
829 2732 1004 2796 constitutis
1025 2732 1197 2796 nativitatis
1212 2731 1328 2801 Christi

22 2823 219 2886 uncteribus
242 2823 355 2886 dilecta
377 2831 462 2886 certa
484 2842 629 2886 annorum
651 2823 744 2899 serie,
766 2822 885 2904 dilectis
899 2821 1052 2885 historicis
1074 2822 1114 2885 ad
1129 2840 1196 2885 eam
1211 2840 1327 2903 expen-

22 2912 109 2987 urdis3
133 2912 347 2993 aggrediamur
362 2930 438 2993 opus
451 2911 558 2992 ipsum.
596 2913 677 2976 Nem
691 2911 806 2975 usualis
829 2929 902 2974 aera
917 2918 1024 2975 nostra
1039 2929 1175 2975 connexa
1196 2917 1245 2973 ιιι
1260 2928 1326 2972 cum

22 3020 64 3064 era
79 3019 226 3065 annorum
240 3000 436 3075 Julianorum,
457 3001 535 3063 baec
551 3020 618 3064 cum
633 3001 814 3075 consulibus,
835 3000 974 3063 consules
990 3019 1056 3064 cum
1072 3000 1172 3062 coelo:
1197 3000 1326 3063 charac-
1436 3039 1440 3049 -

22 3109 70 3195 res
91 3091 185 3171 igitur
197 3089 380 3194 ‘nativitatis
400 3087 517 3154 Christi
531 3108 712 3172 quaeramus
730 3091 779 3153 vel
793 3090 874 3152 iuter
889 3088 976 3153 Coss.
997 3089 1087 3171 inque
1108 3107 1181 3151 sera
1194 3087 1327 3164 Julisus,

22 3179 328 3332 ³lmPer‘igdrrlrp:ditem
343 3266 441 3329 locum
456 3273 583 3348 occupet
597 3266 759 3348 Josephus,
780 3266 934 3348 professus
949 3265 1029 3329 illius
1042 3266 1186 3348 temperis
1201 3265 1327 3330 histori-

22 3375 59 3432 u;
82 3358 122 3419 ad
137 3375 225 3439 quem
247 3375 304 3419 nos
320 3354 456 3436 ablegari
478 3356 517 3418 ab
532 3355 739 3435 Evangelistis
761 3363 811 3419 est
831 3362 1076 3435 consentaneum.
1122 3354 1220 3437 Super
1240 3355 1329 3436 hujus
1448 3417 1452 3428 ,

22 3446 146 3527 ripturis
169 3445 353 3508 auctoritate
377 3463 442 3507 cum
464 3444 506 3507 sit
527 3444 600 3507 mihi
621 3444 810 3508 multiformis
832 3444 987 3508 eontentio
1010 3463 1075 3506 curu
1097 3444 1237 3519 diversis,
1261 3444 1328 3507 aliis
1377 3469 1388 3489 ι

22 3535 58 3610 is,
74 3533 209 3598 Calvisio
224 3552 296 3595 uero
311 3533 400 3595 fldem
415 3533 446 3595 in
455 3533 476 3595 J
477 3532 583 3614 osephi
597 3534 743 3596 memoria
753 3533 945 3596 desiderante
958 3525 1017 3613 ²⁸):
1040 3533 1148 3595 mirum
1162 3552 1221 3597 non
1237 3533 1329 3596 debet

22 3643 72 3699 se,
94 3623 122 3686 si
144 3641 262 3685 omnem
276 3623 297 3685 J
299 3621 404 3703 osephi
421 3622 458 3684 de
474 3622 564 3684 rebus
579 3622 726 3685 Romanis
741 3622 923 3685 mentionem
937 3620 1029 3701 paulo
1044 3622 1190 3702 prolixius
1204 3622 1245 3683 ad
1260 3629 1327 3685 tes·

22 3712 115 3775 nenia
142 3711 346 3774 Romauomm
377 3711 557 3791 scriptorum
588 3712 770 3786 examinem,
799 3718 835 3773 ιιι
862 3709 990 3790 Josephi
1014 3710 1140 3791 peritia,
1158 3710 1329 3791 ,diligentia

22 3802 120 3882 desque
150 3800 253 3882 capite
273 3800 329 3862 VI.
351 3798 509 3863 celebrata
538 3800 649 3863 clarius
678 3801 803 3863 eniteat
846 3800 952 3880 Neque
975 3799 1054 3863 euim
1074 3799 1133 3861 erit
1154 3798 1212 3862 hoc
1235 3807 1325 3863 extra

22 3909 89 3965 eas;
114 3905 185 3952 uam
200 3907 310 3970 exque
325 3888 452 3970 primum
473 3895 608 3970 tempure
623 3890 785 3971 Pompejus
799 3888 956 3952 Romanus
970 3887 1001 3950 in
1015 3886 1137 3970 Syriam
1151 3888 1248 3962 venit,
1269 3887 1328 3951 Ju-

22 3980 85 4054 dca,
100 3978 283 4060 praesertim
297 3977 428 4042 Herodis
443 3978 583 4059 negotia,
603 3978 647 4041 sic
667 3979 787 4042 intexta
813 3984 884 4040 suut
897 3976 1060 4051 Romanis,
1081 3984 1116 4038 ut
1138 3977 1347 4058 subtegmina⁴

22 4068 184 4131 ominibus:
208 4066 284 4130 adeo
299 4074 335 4155 ut
356 4066 462 4149 quibus
485 4067 719 4130 circumstantiis
727 4066 886 4148 rJceephus
899 4065 1030 4128 Judaicu
1051 4063 1183 4130 Herodis
1204 4066 1328 4146 negotia

22 4158 85 4220 utsii
95 4156 212 4221 Christi
225 4155 325 4219 vicina
341 4156 511 4237 descripsit,
524 4156 683 4239 plerasque
698 4156 768 4219 illas
784 4164 816 4219 et
828 4154 959 4218 Romani
974 4154 1139 4235 scriptores
1153 4173 1210 4218 uec
1224 4162 1327 4218 tamen

22 4265 29 4308 r
43 4245 210 4327 composito
225 4251 466 4308 commemorent.

78 4333 242 4398 Ordiamur
256 4333 295 4396 ab
310 4333 377 4414 ipso
392 4332 523 4396 Herodis
539 4339 659 4409 exortu,
682 4332 800 4415 quaudo
816 4337 849 4395 et
862 4332 958 4407 Dion,
980 4338 1087 4394 auctm
1100 4330 1246 4395 historiae
1261 4331 1328 4394 Rc-

22 4443 99 4487 unae
115 4423 294 4498 luculentus,
310 4429 454 4505 quantum
464 4422 529 4503 ejus
538 4428 651 4497 exstat,
666 4422 780 4503 incipit,
796 4428 829 4484 et
836 4419 989 4501 Jesephus
1003 4420 1131 4500 primam
1141 4419 1227 4486 Coss.
1243 4440 1329 4483 meu·
1443 4465 1449 4477 .

22 4529 104 4574 ouem
125 4512 209 4574 tacit
248 4513 329 4575 Nam
349 4510 437 4575 Coss.
453 4509 490 4582 Q„
505 4511 675 4586 Metellum,
696 4509 734 4583 Q,
748 4510 944 4574 Hortensium
965 4510 1087 4590 conjicit
1113 4510 1144 4574 iu
1172 4525 1281 4572 annum
1299 4511 1329 4572 3.

22 4598 112 4681 dpusp.
129 4597 203 4664 177.
239 4591 434 4665 Confirmant
448 4601 527 4664 hauc
548 4600 730 4664 locationem
750 4599 824 4663 fasti
838 4598 981 4675 Romani,
1002 4598 1162 4681 siquidem,
1184 4605 1329 4680 utsupra

22 4687 121 4765 ictum,
142 4689 230 4752 dniat
244 4709 341 4752 eunus
362 4689 395 4752 iu
415 4708 504 4763 vere,
525 4697 598 4761 tuuc
618 4689 779 4771 Hyrcanus
800 4706 925 4770 reguum
945 4689 1082 4754 Judaeae
1107 4687 1281 4767 auspicatus
1294 4695 1330 4752 et
1447 4683 1453 4692 '

22 4772 85 4839 iuul
104 4797 140 4841 eo
162 4778 303 4842 demuma
325 4785 374 4842 est
394 4798 416 4842 a
435 4779 530 4845 tratre
544 4777 732 4844 Aristobulo.
768 4779 853 4842 Tunc
865 4778 964 4861 prima
977 4779 1090 4846 mentio
1104 4775 1271 4859 Antipatri,
1292 4795 1331 4840 ex
