3150 5482
201 224 264 290 822
673 243 676 249 ·
755 217 871 269 Secunda
887 218 956 268 Pars.
1051 211 1054 235 ¹

199 397 334 485 cylindri
361 394 513 480 aequales
540 392 692 458 existunt.
731 393 939 476 ‘Respicietur
965 391 1064 476 igitur
1091 390 1221 457 schema
1250 395 1309 470 22,
1345 394 1377 456 in
1413 395 1516 476 quasit
1563 393 1564 398 ’

205 488 287 554 GGA
304 485 450 570 cylinder
472 483 640 560 maximus,
663 481 732 545 basi
756 482 821 560 OG,
841 476 1021 547 ‘altitudine
1050 482 1117 546 GA.
1169 479 1331 546 Sumatur
1359 481 1451 545 altior
1475 483 1517 546 illo

203 577 300 643 GHA:
325 576 405 654 dice,
429 573 562 637 inveniri
583 570 855 650 humiliorem,·ut
879 571 967 652 CBA,
993 575 1083 657 cujus
1102 570 1158 633 BA
1180 571 1326 635 altitudo
1351 571 1394 635 sit
1417 570 1454 635 ad
1472 571 1518 636 Hs

202 665 403 730 altitudinem
426 661 551 745 prieriS,
575 666 612 724 ut
635 666 683 724 est
698 658 789 731 ,basis
816 660 864 722 uel
888 659 1084 742 quadratum
1108 657 1166 723 aH
1188 659 1232 724 ad
1256 658 1452 743 quadratum
1469 661 1517 724 aa.

203 756 287 820 Nem
309 753 364 831 ubi
391 755 493 834 majus
525 750 629 813 datur
647 755 679 813 et
701 749 816 825 minus,
845 745 890 811 ibi
920 746 1016 813 datur
1040 755 1072 834 et
1095 746 1239 830 aequale:
1281 746 1353 812 'Sed
1379 748 1432 811 CH
1452 770 1516 830 qun·

204 842 334 908 dratum
356 840 469 905 crescit
482 846 512 902 'a
528 837 709 921 quantitate
732 835 820 900 nulla
837 836 987 902 continue
1010 859 1081 901 cum
1098 836 1190 900 lineis
1215 836 1281 915 OQ,
1306 837 1364 913 Cl,
1390 836 1450 908 cti
1466 840 1517 902 lli.
1568 863 1569 943 p

205 933 268 1012 CB,
292 931 342 995 ΟΡ
365 948 466 1010 usque
488 926 531 991 ad
552 924 748 1008 quadratum
770 925 920 988 diametri
945 924 1007 1005 CA,
1035 925 1153 989 faciens
1180 927 1409 1008 proportiones
1434 928 1519 990 emitis

204 1020 341 1101 generis.
386 1016 531 1082 Vicissim
561 1013 708 1091 altitudo,
739 1014 829 1078 initio
864 1020 969 1077 sumto
1005 1035 1026 1077 a
1055 1014 1254 1095 longitudine
1293 1014 1443 1079 diametri
1468 1017 1518 1090 te,
1567 992 1569 1087 l

205 1107 356 1172 decrescit
370 1123 450 1170 *cum
472 1104 559 1168 lineis
582 1100 646 1182 AQ,
660 1102 726 1181 al,
751 1101 821 1180 AH,
848 1101 1004 1180 AG„AB,
1028 1101 1091 1166 ΑΡ·
1105 1122 1163 1185 per
1186 1123 1297 1167 omnes
1321 1103 1433 1168 itidem
1453 1125 1514 1186 pro·

205 1198 375 1280 portiones,
408 1195 454 1258 sic
484 1199 520 1256 ut
550 1191 611 1256 fiat
644 1192 808 1274 proportio
846 1205 1039 1274 quacunque
1070 1190 1148 1255 data
1178 1192 1397 1274 proportione
1425 1196 1518 1275 major,

206 1286 305 1350 denec
328 1283 465 1347 altitudo
487 1280 676 1346 absumatur
709 1280 742 1342 in
773 1287 926 1362 punctum
957 1279 992 1343 d.
1038 1281 1122 1360 Ergo
1150 1279 1206 1343 ubi
1231 1279 1439 1344 decrementa
1458 1280 1518 1343 alti·

205 1373 351 1438 tudinum
375 1371 427 1465 ᾼΒ
450 1369 703 1453 praecipitantur
731 1368 786 1451 per
813 1384 921 1433 omnes
942 1366 1180 1452 proportiones,
1204 1368 1240 1431 in
1263 1368 1428 1433 infinitum
1448 1391 1516 1434 cres·

206 1461 352 1528 centibus
382 1458 626 1543 proportionum
657 1458 851 1538 augmentis,
897 1455 942 1521 ibi
972 1457 1168 1531 incrementa
1206 1457 1447 1541 quadratorum
1479 1457 1520 1521 CB

206 1551 307 1633 magis
330 1557 362 1613 et
384 1548 486 1630 magis
509 1547 695 1611 minuuntur
718 1552 750 1610 et
771 1545 968 1610 incrementa
989 1545 1233 1629 proportionum
1249 1546 1448 1611 decrescrmt
1487 1546 1521 1611 Et

207 1661 280 1704 cum
313 1628 405 1702 detur
433 1634 575 1719 cylinder
604 1633 754 1701 humilier
784 1627 1183 1720 quantitatemque
1213 1639 1403 1719 majorca,
1432 1643 1466 1700 ut
1484 1644 1522 1699 est

208 1727 302 1806 cet,
326 1746 427 1814 eoque
449 1724 563 1789 minori
585 1722 791 1807 proportione
813 1723 872 1787 ΗΑ
895 1721 936 1797 ad
960 1723 1027 1800 et,
1050 1743 1148 1806 quam
1163 1723 1322 1806 quadrati
1339 1723 1396 1789 CG
1412 1723 1452 1787 ad
1466 1723 1522 1788 Cll:

209 1815 427 1884 descendendo
457 1815 551 1896 igitur
581 1832 688 1876 versus
719 1810 747 1874 B
776 1811 932 1876 mansites
963 1812 1024 1875 erit
1051 1833 1109 1894 per
1136 1811 1270 1893 aliquod
1299 1820 1462 1895 punctum,
1480 1812 1525 1875 uli

230 1905 373 1987 repertio
400 1904 456 1968 BA
483 1901 527 1966 ad
547 1899 627 1980 at,
656 1919 739 1983 quae
768 1899 857 1982 prius
887 1897 958 1964 erat
984 1901 1087 1967 minor
1115 1899 1246 1987 (quippe
1269 1900 1351 1983 plus
1374 1910 1521 1967 crescemt

207 1926 266 2058 lat
283 1991 431 2075 aequalis
445 1988 648 2075 proportioni
666 1988 817 2071 quadrati
837 1988 894 2053 BA
918 1988 958 2052 ad
974 1989 1169 2072 quadratum
1191 1987 1261 2067 ΗΑ,
1287 1991 1414 2073 quippe
1436 1991 1523 2072 minus

209 2102 360 2157 crescens,
389 2101 462 2144 cum
492 2079 579 2162 prius
607 2076 839 2162 esset‘rnajer.·
869 2077 1022 2160 Exempla
1044 2084 1119 2147 sunt
1141 2078 1173 2141 in
1196 2076 1325 2143 calculo
1350 2079 1395 2143 ad
1417 2079 1459 2144 th.
1475 2074 1522 2141 ll.

208 2178 240 2235 et
263 2169 299 2233 V.
322 2168 536 2252 cylindrorum
558 2164 751 2250 aequalium.
782 2182 786 2190 ·
1105 2170 1107 2178 ’
1305 2192 1309 2202 ·
1392 2156 1400 2169 ‘

500 2313 502 2317 >
636 2345 641 2357 ,
680 2337 693 2367 ,.
722 2280 899 2347 Theorema
921 2278 1020 2347 XVII.

211 2391 254 2456 Iu
283 2389 488 2472 renaqualibet
522 2387 753 2470 cmjupatiena
793 2393 872 2469 quae
899 2387 1094 2468 ‚quadratum
1129 2386 1284 2450 dimnctri
1314 2387 1411 2453 habet
1436 2390 1525 2450 miuus

209 2501 304 2562 quarn
326 2480 457 2559 dieplum
473 2478 624 2560 quadrati
640 2476 832 2555 altitudinis,
856 2492 960 2541 emeres
978 2478 1082 2539 trunci
1097 2475 1136 2539 ab
1148 2478 1219 2555 ipse
1232 2476 1385 2557 cylindro
1400 2479 1522 2558 preximi

208 2568 367 2650 paulatim
386 2568 468 2648 liant
488 2565 633 2649 'cylindro
656 2568 820 2646 conjapate
838 2566 984 2652 maiores,
1012 2583 1073 2647 aare
1095 2564 1252 2650 obstante,
1277 2565 1368 2646 qued
1389 2567 1525 2630 minuitur

212 2678 316 2722 eorum
340 2652 487 2733 altitude,
509 2654 617 2736 peston
634 2652 813 2716 decrescant
830 2653 960 2731 ²iteretm,
985 2670 1107 2733 semper
1122 2651 1388 2733 arldsre'majeres
1399 2654 1524 2737 cylindro

211 2748 384 2830 eenjayate,
405 2743 512 2827 quoad
535 2738 734 2807 altitudinem
757 2740 1108 2822 eoetmtuemjorm,
1140 2760 1236 2823 queam
1267 2742 1417 2825 cylirrder
1437 2745 1526 2824 ceuy'o

679 2884 680 2889 ,
699 2832 769 2920 pati
792 2831 1037 2901 sebcmetrarius.
1188 2883 1190 2885 ,

298 2941 335 3011 In
365 2934 525 3005 schemate
556 2941 609 3001 22.
641 2936 682 3001 sit
711 2936 905 3019 conjugatio,
937 2937 968 3000 in
999 2955 1064 3021 qua
1092 2934 1289 3018 quadratum
1315 2937 1462 3006 diametri
1481 2934 1526 3000 Ha

210 3031 313 3116 minus
336 3036 386 3094 est
408 3028 505 3111 duplo
527 3025 679 3110 quadrati
698 3016 766 3104 ΗΑ,
790 3033 822 3089 et
837 3024 979 3106 cyliuder
997 3022 1094 3108 hujus
1122 3026 1362 3109 conjugationis
1378 3026 1471 3106 cHA,
1489 3025 1526 3089 illi

210 3132 287 3185 rere
309 3118 351 3183 sit
373 3118 485 3196 secius,
511 3115 572 3184 hec
594 3120 643 3180 est
665 3112 806 3198 aequalis
828 3133 970 3196 corpere,
995 3134 1034 3177 ex
1056 3113 1119 3177 alia
1140 3115 1373 3199 conjugatione
1401 3114 1526 3199 cylinda

212 3209 302 3286 CBA,
326 3204 481 3287 basirCB,
506 3203 675 3270 altitudine
697 3201 762 3286 BA.
805 3200 883 3267 Dice
906 3200 1057 3285 primumi
1087 3223 1197 3273 omnes
1224 3209 1363 3269 trunces
1390 3208 1524 3288 conjuga·

210 3297 306 3362 tionis
330 3293 421 3380 CHA,
446 3293 560 3376 quibus
584 3289 720 3356 altitudo
743 3289 842 3354 fuerit
862 3291 947 3354 inter
969 3289 1029 3354 ΗΑ
1051 3297 1083 3355 et
1098 3289 1161 3367 ΒΑ,
1186 3295 1329 3375 majores
1353 3314 1423 3358 esse
1442 3291 1525 3374 cylin·

203 3385 276 3450 dris
300 3383 385 3448 CHA
407 3383 457 3447 vel
481 3381 569 3446 CBA.
615 3379 697 3444 Nem
719 3379 804 3444 inter
834 3380 936 3442 socies
960 3377 1045 3444 CHA
1067 3385 1100 3442 ct
1115 3379 1203 3455 CBA
1231 3382 1390 3467 aequales
1411 3382 1527 3446 inuret

210 3471 351 3557 cylinder
380 3470 536 3535 maximus
559 3467 658 3546 CGA,
690 3468 722 3531 in
745 3488 810 3551 quo
840 3466 1037 3550 quadratum
1067 3466 1120 3531 OG
1151 3475 1200 3532 cst
1227 3467 1370 3552 duplum
1391 3468 1529 3554 quadrati

211 3561 278 3627 GA.
330 3560 446 3625 Omnes
476 3560 572 3641 igitur
602 3555 738 3641 cylindri
768 3554 849 3620 CGA
879 3555 963 3621 inter
994 3553 1078 3643 CllA
1113 3563 1145 3621 et
1177 3555 1258 3621 CBA
1289 3569 1370 3631 sunt
1407 3561 1528 3643 majores

212 3651 362 3743 extremis
379 3645 427 3717 ,ad
449 3648 480 3712 H
503 3647 583 3712 ete
614 3645 805 3725 terminatis,
828 3642 885 3728 per
908 3643 950 3721 th.
964 3645 1000 3709 V.
1024 3643 1128 3729 hujus.
1172 3643 1214 3710 Et
1236 3644 1364 3725 habent
1388 3649 1410 3712 ii
1432 3646 1528 3711 altitu·

211 3740 301 3804 dines
325 3736 446 3804 medias
465 3737 549 3802 inter
569 3733 628 3798 HA
651 3740 683 3798 et
697 3733 761 3813 BA,
787 3732 1056 3817 quemadmodum
1079 3739 1111 3797 et
1125 3734 1248 3798 aurici..
1273 3734 1341 3804 Per
1358 3736 1442 3801 Xlll.
1464 3756 1528 3799 rere

210 3827 305 3913 hujus
321 3826 426 3894 trunci
441 3824 601 3910 aequealti
615 3820 766 3906 cylindris
782 3843 879 3905 super
891 3821 1000 3887 eadem
1016 3821 1162 3909 diagonio
1174 3821 1234 3891 et
1250 3833 1331 3889 sunt
1342 3826 1382 3890 iis
1395 3829 1527 3910 majores

211 3917 317 4015 Quare
339 3914 440 3999 multe
463 3917 695 4000 majores-sunt
717 3912 867 3976 extremis
889 3910 1065 3976 minoribus
1087 3910 1130 3975 ad
1151 3907 1191 3990 H,
1215 3911 1243 3976 B
1268 3914 1460 3985 terminatis.

712 4044 889 4109 Theorema
911 4041 1025 4119 XVIII.

211 4155 252 4221 Iu
276 4156 494 4238 cenjuqatiene
515 4121 739 4234 'proportionis
770 4150 871 4232 dupla
899 4151 1032 4216 mineris
1059 4154 1188 4227 truncus
1215 4153 1368 4234 aequalis
1402 4152 1527 4237 cylindro

213 4246 378 4328 conjuyate
408 4243 500 4307 tabet
522 4240 724 4305 altitudinem
745 4240 896 4303 ntinerem
919 4236 1089 4302 altitudine
1120 4239 1274 4320 cylindri,
1300 4245 1360 4322 qui
1383 4241 1528 4325 emrjapeli

218 4376 222 4385 f
334 4334 437 4398 secius
460 4331 617 4411 eidemque
640 4329 783 4409 aequalis
806 4333 860 4407 est,
884 4328 1115 4410 cenjupetieais
1138 4333 1243 4392 temen
1267 4330 1425 4396 diversae.

300 4457 389 4523 Nam·
405 4464 537 4536 truncus
561 4452 748 4537 asquealtus
775 4452 834 4518 tali
861 4452 946 4518 secie
975 4451 1127 4535 cylindro,
1152 4452 1207 4535 qui
1228 4457 1407 4539 conjugato
1428 4455 1466 4518 sit
1483 4471 1527 4514 ee

213 4545 328 4629 qualis,
352 4550 454 4630 major
477 4552 526 4609 est
547 4544 604 4609 illo
627 4563 684 4625 per
707 4541 793 4607 lllll.
837 4542 943 4626 Major
970 4542 1067 4624 igitur
1096 4548 1147 4605 est
1169 4541 1269 4606 etiam
1292 4548 1459 4630 conjugato
1479 4560 1527 4604 sue

213 4632 366 4717 cylindro.
411 4633 469 4710 Qui
490 4633 588 4716 igitur
610 4631 779 4717 conjugato
802 4648 862 4695 suo
884 4630 934 4696 est
951 4628 1095 4712 aequdis
1118 4650 1263 4713 corpere,
1289 4654 1358 4698 non
1380 4636 1437 4698 erit
1457 4634 1525 4714 ejus·

214 4722 286 4795 dein
313 4744 385 4797 aum
412 4722 467 4788 ille
497 4720 681 4817 altitudinis.
730 4721 798 4822 dut
820 4719 922 4806 'igitur
948 4718 1045 4787 altior
1072 4724 1132 4784 aut
1158 4717 1323 4793 humilior.
1377 4723 1445 4790 Non
1466 4736 1525 4784 sere
