<?xml version="1.0" encoding="UTF-8"?>
<!DOCTYPE html PUBLIC "-//W3C//DTD XHTML 1.0 Transitional//EN"
    "http://www.w3.org/TR/xhtml1/DTD/xhtml1-transitional.dtd">
<html xmlns="http://www.w3.org/1999/xhtml" xml:lang="en" lang="en">
 <head>
  <title>
</title>
<meta http-equiv="Content-Type" content="text/html;charset=utf-8" />
  <meta name='ocr-system' content='tesseract 3.04.00' />
  <meta name='ocr-capabilities' content='ocr_page ocr_carea ocr_par ocr_line ocrx_word'/>
</head>
<body>
  <div class='ocr_page' id='page_1' title='image "./joanniskepleria13frisgoog_0310.png"; bbox 0 0 3112 5474; ppageno 0'>
   <div class='ocr_carea' id='block_1_1' title="bbox 536 240 1343 332">
    <p class='ocr_par' dir='ltr' id='par_1_1' title="bbox 536 240 1343 332">
     <span class='ocr_line' id='line_1_1' title="bbox 536 240 1343 332; baseline -0.01 -15"><span class='ocrx_word' id='word_1_1' title='bbox 536 263 660 332; x_wconf 59' lang='lat' dir='ltr'>cerev.</span> <span class='ocrx_word' id='word_1_2' title='bbox 686 262 840 317; x_wconf 64' lang='lat' dir='ltr'>muna·</span> <span class='ocrx_word' id='word_1_3' title='bbox 1278 240 1343 310; x_wconf 69' lang='lat'>29⁷</span> 
     </span>
    </p>
   </div>
   <div class='ocr_carea' id='block_1_2' title="bbox 19 402 1415 2804">
    <p class='ocr_par' dir='ltr' id='par_1_2' title="bbox 19 402 1362 1470">
     <span class='ocr_line' id='line_1_2' title="bbox 31 402 1344 491; baseline -0.002 -21"><span class='ocrx_word' id='word_1_4' title='bbox 31 407 152 489; x_wconf 68' lang='lat' dir='ltr'>sedpore</span> <span class='ocrx_word' id='word_1_5' title='bbox 160 408 305 472; x_wconf 78' lang='lat' dir='ltr'>Beronio.</span> <span class='ocrx_word' id='word_1_6' title='bbox 331 402 410 479; x_wconf 90' lang='lat' dir='ltr'>Quin</span> <span class='ocrx_word' id='word_1_7' title='bbox 425 407 485 471; x_wconf 88' lang='lat' dir='ltr'>imo</span> <span class='ocrx_word' id='word_1_8' title='bbox 500 409 622 491; x_wconf 75' lang='lat' dir='ltr'>estqui</span> <span class='ocrx_word' id='word_1_9' title='bbox 638 404 815 483; x_wconf 76' lang='lat' dir='ltr'>contendat,</span> <span class='ocrx_word' id='word_1_10' title='bbox 829 424 946 470; x_wconf 85' lang='lat' dir='ltr'>omnem</span> <span class='ocrx_word' id='word_1_11' title='bbox 960 402 1043 468; x_wconf 88' lang='lat' dir='ltr'>illam</span> <span class='ocrx_word' id='word_1_12' title='bbox 1059 404 1167 468; x_wconf 84' lang='lat' dir='ltr'>seriem</span> <span class='ocrx_word' id='word_1_13' title='bbox 1180 403 1344 479; x_wconf 84' lang='lat' dir='ltr'>consulum,</span> 
     </span>
     <span class='ocr_line' id='line_1_3' title="bbox 28 492 1362 580; baseline -0.003 -20"><span class='ocrx_word' id='word_1_14' title='bbox 28 515 93 580; x_wconf 76' lang='lat' dir='ltr'>quau</span> <span class='ocrx_word' id='word_1_15' title='bbox 108 495 309 560; x_wconf 81' lang='lat' dir='ltr'>certissimam</span> <span class='ocrx_word' id='word_1_16' title='bbox 324 496 484 571; x_wconf 87' lang='lat' dir='ltr'>habemus,</span> <span class='ocrx_word' id='word_1_17' title='bbox 506 515 574 561; x_wconf 91' lang='lat' dir='ltr'>cum</span> <span class='ocrx_word' id='word_1_18' title='bbox 589 492 726 570; x_wconf 88' lang='lat' dir='ltr'>omnibus</span> <span class='ocrx_word' id='word_1_19' title='bbox 739 496 876 561; x_wconf 89' lang='lat' dir='ltr'>historiis</span> <span class='ocrx_word' id='word_1_20' title='bbox 891 496 1020 578; x_wconf 87' lang='lat' dir='ltr'>quinque</span> <span class='ocrx_word' id='word_1_21' title='bbox 1035 494 1139 557; x_wconf 86' lang='lat' dir='ltr'>solidis</span> <span class='ocrx_word' id='word_1_22' title='bbox 1154 493 1242 556; x_wconf 87' lang='lat' dir='ltr'>aunis</span> <span class='ocrx_word' id='word_1_23' title='bbox 1256 493 1344 559; x_wconf 90' lang='lat' dir='ltr'>uobis</span> <span class='ocrx_word' id='word_1_24' title='bbox 1360 534 1362 537; x_wconf 93' lang='lat'><em>-</em></span> 
     </span>
     <span class='ocr_line' id='line_1_4' title="bbox 24 582 1341 668; baseline -0.002 -20"><span class='ocrx_word' id='word_1_25' title='bbox 24 606 75 649; x_wconf 86' lang='lat' dir='ltr'>esse</span> <span class='ocrx_word' id='word_1_26' title='bbox 88 586 274 668; x_wconf 75' lang='lat' dir='ltr'>propiorem,</span> <span class='ocrx_word' id='word_1_27' title='bbox 294 605 383 668; x_wconf 88' lang='lat' dir='ltr'>quam</span> <span class='ocrx_word' id='word_1_28' title='bbox 398 606 454 650; x_wconf 89' lang='lat' dir='ltr'>nos</span> <span class='ocrx_word' id='word_1_29' title='bbox 468 586 558 649; x_wconf 90' lang='lat' dir='ltr'>hodie</span> <span class='ocrx_word' id='word_1_30' title='bbox 572 594 722 668; x_wconf 86' lang='lat' dir='ltr'>putamus.</span> <span class='ocrx_word' id='word_1_31' title='bbox 748 587 793 649; x_wconf 78' lang='lat' dir='ltr'>Et</span> <span class='ocrx_word' id='word_1_32' title='bbox 807 586 877 648; x_wconf 89' lang='lat' dir='ltr'>loca</span> <span class='ocrx_word' id='word_1_33' title='bbox 890 583 1038 657; x_wconf 76' lang='lat' dir='ltr'>ostendit,</span> <span class='ocrx_word' id='word_1_34' title='bbox 1058 582 1109 646; x_wconf 92' lang='lat' dir='ltr'>ubi</span> <span class='ocrx_word' id='word_1_35' title='bbox 1125 582 1279 645; x_wconf 88' lang='lat' dir='ltr'>existimet</span> <span class='ocrx_word' id='word_1_36' title='bbox 1292 583 1341 645; x_wconf 92' lang='lat' dir='ltr'>iu-</span> 
     </span>
     <span class='ocr_line' id='line_1_5' title="bbox 19 668 1342 757; baseline -0.004 -19"><span class='ocrx_word' id='word_1_37' title='bbox 19 683 102 738; x_wconf 85' lang='lat' dir='ltr'>sertos</span> <span class='ocrx_word' id='word_1_38' title='bbox 116 694 185 738; x_wconf 84' lang='lat' dir='ltr'>esse</span> <span class='ocrx_word' id='word_1_39' title='bbox 199 694 361 757; x_wconf 74' lang='lat' dir='ltr'>perperam</span> <span class='ocrx_word' id='word_1_40' title='bbox 383 695 493 739; x_wconf 84' lang='lat' dir='ltr'>annos:</span> <span class='ocrx_word' id='word_1_41' title='bbox 517 676 634 739; x_wconf 91' lang='lat' dir='ltr'>scilicet</span> <span class='ocrx_word' id='word_1_42' title='bbox 647 674 761 739; x_wconf 84' lang='lat' dir='ltr'>Tiberii</span> <span class='ocrx_word' id='word_1_43' title='bbox 781 674 868 738; x_wconf 91' lang='lat' dir='ltr'>anuis</span> <span class='ocrx_word' id='word_1_44' title='bbox 892 673 931 736; x_wconf 89' lang='lat'>16</span> <span class='ocrx_word' id='word_1_45' title='bbox 948 680 980 735; x_wconf 87' lang='lat' dir='ltr'>et</span> <span class='ocrx_word' id='word_1_46' title='bbox 995 668 1052 747; x_wconf 94' lang='grc'>17,</span> <span class='ocrx_word' id='word_1_47' title='bbox 1073 679 1109 734; x_wconf 92' lang='lat' dir='ltr'>ut</span> <span class='ocrx_word' id='word_1_48' title='bbox 1123 691 1178 734; x_wconf 90' lang='lat' dir='ltr'>uos</span> <span class='ocrx_word' id='word_1_49' title='bbox 1193 679 1342 753; x_wconf 90' lang='lat' dir='ltr'>putamus,</span> 
     </span>
     <span class='ocr_line' id='line_1_6' title="bbox 19 760 1343 845; baseline -0.002 -19"><span class='ocrx_word' id='word_1_50' title='bbox 19 772 127 845; x_wconf 81' lang='lat' dir='ltr'>etpost</span> <span class='ocrx_word' id='word_1_51' title='bbox 148 783 307 828; x_wconf 79' lang='lat' dir='ltr'>excessum</span> <span class='ocrx_word' id='word_1_52' title='bbox 330 764 397 845; x_wconf 85' lang='lat' dir='ltr'>Caji</span> <span class='ocrx_word' id='word_1_53' title='bbox 421 764 538 830; x_wconf 76' lang='lat' dir='ltr'>Claudii</span> <span class='ocrx_word' id='word_1_54' title='bbox 557 766 703 839; x_wconf 88' lang='lat' dir='ltr'>Neronis,</span> <span class='ocrx_word' id='word_1_55' title='bbox 724 771 887 845; x_wconf 86' lang='lat' dir='ltr'>propterea</span> <span class='ocrx_word' id='word_1_56' title='bbox 908 761 987 844; x_wconf 93' lang='lat' dir='ltr'>quod</span> <span class='ocrx_word' id='word_1_57' title='bbox 1008 760 1095 825; x_wconf 89' lang='lat' dir='ltr'>Coss.</span> <span class='ocrx_word' id='word_1_58' title='bbox 1118 760 1343 824; x_wconf 86' lang='lat' dir='ltr'>sufficiebantur</span> 
     </span>
     <span class='ocr_line' id='line_1_7' title="bbox 19 850 1341 936; baseline -0.003 -20"><span class='ocrx_word' id='word_1_59' title='bbox 19 873 79 916; x_wconf 86' lang='lat' dir='ltr'>uno</span> <span class='ocrx_word' id='word_1_60' title='bbox 94 854 229 916; x_wconf 90' lang='lat' dir='ltr'>noudum</span> <span class='ocrx_word' id='word_1_61' title='bbox 244 862 363 916; x_wconf 90' lang='lat' dir='ltr'>exacto.</span> <span class='ocrx_word' id='word_1_62' title='bbox 387 855 464 918; x_wconf 90' lang='lat' dir='ltr'>Post</span> <span class='ocrx_word' id='word_1_63' title='bbox 477 855 638 936; x_wconf 89' lang='lat' dir='ltr'>primorum</span> <span class='ocrx_word' id='word_1_64' title='bbox 646 855 752 917; x_wconf 90' lang='lat' dir='ltr'>horum</span> <span class='ocrx_word' id='word_1_65' title='bbox 766 853 980 934; x_wconf 87' lang='lat' dir='ltr'>imperatorum</span> <span class='ocrx_word' id='word_1_66' title='bbox 994 857 1132 931; x_wconf 90' lang='lat' dir='ltr'>tempora</span> <span class='ocrx_word' id='word_1_67' title='bbox 1140 869 1201 912; x_wconf 92' lang='lat' dir='ltr'>nou</span> <span class='ocrx_word' id='word_1_68' title='bbox 1214 850 1341 931; x_wconf 88' lang='lat' dir='ltr'>amphus</span> 
     </span>
     <span class='ocr_line' id='line_1_8' title="bbox 19 939 1344 1024; baseline -0.002 -21"><span class='ocrx_word' id='word_1_69' title='bbox 19 944 41 1004; x_wconf 90' lang='lat' dir='ltr'>le</span> <span class='ocrx_word' id='word_1_70' title='bbox 59 949 109 1004; x_wconf 92' lang='lat' dir='ltr'>tot</span> <span class='ocrx_word' id='word_1_71' title='bbox 131 943 222 1005; x_wconf 84' lang='lat' dir='ltr'>annis</span> <span class='ocrx_word' id='word_1_72' title='bbox 247 944 375 1007; x_wconf 88' lang='lat' dir='ltr'>dubitat.</span> <span class='ocrx_word' id='word_1_73' title='bbox 423 940 523 1013; x_wconf 84' lang='lat' dir='ltr'>Quid?</span> <span class='ocrx_word' id='word_1_74' title='bbox 551 961 662 1024; x_wconf 87' lang='lat' dir='ltr'>ergone</span> <span class='ocrx_word' id='word_1_75' title='bbox 685 942 816 1006; x_wconf 90' lang='lat' dir='ltr'>seculum</span> <span class='ocrx_word' id='word_1_76' title='bbox 839 940 1005 1005; x_wconf 85' lang='lat' dir='ltr'>Caesarum</span> <span class='ocrx_word' id='word_1_77' title='bbox 1031 939 1158 1022; x_wconf 90' lang='lat' dir='ltr'>quinque</span> <span class='ocrx_word' id='word_1_78' title='bbox 1185 939 1344 1002; x_wconf 79' lang='lat' dir='ltr'>annisest</span> 
     </span>
     <span class='ocr_line' id='line_1_9' title="bbox 19 1028 1343 1113; baseline 0 -23"><span class='ocrx_word' id='word_1_79' title='bbox 19 1031 212 1094; x_wconf 67' lang='lat' dir='ltr'>eontractius?</span> <span class='ocrx_word' id='word_1_80' title='bbox 244 1031 358 1094; x_wconf 88' lang='lat' dir='ltr'>Omnes</span> <span class='ocrx_word' id='word_1_81' title='bbox 372 1032 445 1095; x_wconf 91' lang='lat' dir='ltr'>illae</span> <span class='ocrx_word' id='word_1_82' title='bbox 458 1032 603 1098; x_wconf 87' lang='lat' dir='ltr'>historiae</span> <span class='ocrx_word' id='word_1_83' title='bbox 619 1048 735 1112; x_wconf 89' lang='lat' dir='ltr'>unaque</span> <span class='ocrx_word' id='word_1_84' title='bbox 752 1030 866 1095; x_wconf 86' lang='lat' dir='ltr'>Christi</span> <span class='ocrx_word' id='word_1_85' title='bbox 887 1030 982 1113; x_wconf 91' lang='lat' dir='ltr'>ipsius</span> <span class='ocrx_word' id='word_1_86' title='bbox 1003 1028 1159 1102; x_wconf 86' lang='lat' dir='ltr'>nativitas,</span> <span class='ocrx_word' id='word_1_87' title='bbox 1174 1028 1343 1109; x_wconf 86' lang='lat' dir='ltr'>baptismus</span> 
     </span>
     <span class='ocr_line' id='line_1_10' title="bbox 19 1118 1343 1203; baseline -0.002 -21"><span class='ocrx_word' id='word_1_88' title='bbox 19 1129 34 1182; x_wconf 88' lang='lat' dir='ltr'>t</span> <span class='ocrx_word' id='word_1_89' title='bbox 46 1121 151 1202; x_wconf 84' lang='lat' dir='ltr'>passio</span> <span class='ocrx_word' id='word_1_90' title='bbox 168 1120 297 1184; x_wconf 89' lang='lat' dir='ltr'>totidem</span> <span class='ocrx_word' id='word_1_91' title='bbox 313 1122 400 1183; x_wconf 87' lang='lat' dir='ltr'>annis</span> <span class='ocrx_word' id='word_1_92' title='bbox 416 1123 502 1186; x_wconf 91' lang='lat' dir='ltr'>nobis</span> <span class='ocrx_word' id='word_1_93' title='bbox 516 1122 659 1203; x_wconf 81' lang='lat' dir='ltr'>propiora</span> <span class='ocrx_word' id='word_1_94' title='bbox 673 1121 778 1184; x_wconf 80' lang='lat' dir='ltr'>factal</span> <span class='ocrx_word' id='word_1_95' title='bbox 801 1122 891 1184; x_wconf 84' lang='lat' dir='ltr'>Anne</span> <span class='ocrx_word' id='word_1_96' title='bbox 908 1118 952 1181; x_wconf 88' lang='lat' dir='ltr'>sic</span> <span class='ocrx_word' id='word_1_97' title='bbox 967 1118 1118 1183; x_wconf 89' lang='lat' dir='ltr'>subveniri</span> <span class='ocrx_word' id='word_1_98' title='bbox 1132 1124 1239 1200; x_wconf 88' lang='lat' dir='ltr'>potest</span> <span class='ocrx_word' id='word_1_99' title='bbox 1253 1137 1343 1181; x_wconf 89' lang='lat' dir='ltr'>aerae</span> 
     </span>
     <span class='ocr_line' id='line_1_11' title="bbox 19 1206 1342 1292; baseline -0.002 -21"><span class='ocrx_word' id='word_1_100' title='bbox 19 1216 124 1272; x_wconf 75' lang='lat' dir='ltr'>rostrae</span> <span class='ocrx_word' id='word_1_101' title='bbox 140 1209 269 1283; x_wconf 82' lang='lat' dir='ltr'>labanti,</span> <span class='ocrx_word' id='word_1_102' title='bbox 285 1211 311 1272; x_wconf 92' lang='lat' dir='ltr'>si</span> <span class='ocrx_word' id='word_1_103' title='bbox 326 1211 472 1273; x_wconf 89' lang='lat' dir='ltr'>historias</span> <span class='ocrx_word' id='word_1_104' title='bbox 488 1230 601 1286; x_wconf 87' lang='lat' dir='ltr'>sacras,</span> <span class='ocrx_word' id='word_1_105' title='bbox 616 1206 691 1292; x_wconf 88' lang='lat' dir='ltr'>quas</span> <span class='ocrx_word' id='word_1_106' title='bbox 702 1210 851 1273; x_wconf 89' lang='lat' dir='ltr'>contendo</span> <span class='ocrx_word' id='word_1_107' title='bbox 862 1209 954 1272; x_wconf 92' lang='lat' dir='ltr'>altius</span> <span class='ocrx_word' id='word_1_108' title='bbox 971 1206 1135 1271; x_wconf 86' lang='lat' dir='ltr'>ascendere</span> <span class='ocrx_word' id='word_1_109' title='bbox 1150 1226 1242 1288; x_wconf 89' lang='lat' dir='ltr'>supra</span> <span class='ocrx_word' id='word_1_110' title='bbox 1256 1207 1342 1288; x_wconf 92' lang='lat' dir='ltr'>priu-</span> 
     </span>
     <span class='ocr_line' id='line_1_12' title="bbox 20 1294 1344 1382; baseline -0.002 -22"><span class='ocrx_word' id='word_1_111' title='bbox 20 1299 109 1379; x_wconf 90' lang='lat' dir='ltr'>ipium</span> <span class='ocrx_word' id='word_1_112' title='bbox 125 1318 217 1361; x_wconf 88' lang='lat' dir='ltr'>aerae</span> <span class='ocrx_word' id='word_1_113' title='bbox 233 1308 372 1375; x_wconf 88' lang='lat' dir='ltr'>nostrae,</span> <span class='ocrx_word' id='word_1_114' title='bbox 394 1319 454 1367; x_wconf 93' lang='lat' dir='ltr'>uon</span> <span class='ocrx_word' id='word_1_115' title='bbox 468 1302 552 1382; x_wconf 89' lang='lat' dir='ltr'>ipsas</span> <span class='ocrx_word' id='word_1_116' title='bbox 574 1300 686 1375; x_wconf 90' lang='lat' dir='ltr'>solum,</span> <span class='ocrx_word' id='word_1_117' title='bbox 709 1299 838 1362; x_wconf 89' lang='lat' dir='ltr'>seduna</span> <span class='ocrx_word' id='word_1_118' title='bbox 854 1305 886 1359; x_wconf 90' lang='lat' dir='ltr'>et</span> <span class='ocrx_word' id='word_1_119' title='bbox 900 1296 1045 1379; x_wconf 83' lang='lat' dir='ltr'>profanas</span> <span class='ocrx_word' id='word_1_120' title='bbox 1060 1294 1190 1362; x_wconf 91' lang='lat' dir='ltr'>omnium</span> <span class='ocrx_word' id='word_1_121' title='bbox 1209 1296 1344 1378; x_wconf 88' lang='lat' dir='ltr'>gentium</span> 
     </span>
     <span class='ocr_line' id='line_1_13' title="bbox 19 1377 1046 1470; baseline -0.002 -21"><span class='ocrx_word' id='word_1_122' title='bbox 19 1388 143 1449; x_wconf 89' lang='lat' dir='ltr'>leorsum</span> <span class='ocrx_word' id='word_1_123' title='bbox 158 1388 318 1451; x_wconf 89' lang='lat' dir='ltr'>trahamus</span> <span class='ocrx_word' id='word_1_124' title='bbox 332 1390 421 1470; x_wconf 89' lang='lat' dir='ltr'>inque</span> <span class='ocrx_word' id='word_1_125' title='bbox 438 1406 528 1453; x_wconf 85' lang='lat' dir='ltr'>aerae</span> <span class='ocrx_word' id='word_1_126' title='bbox 543 1396 672 1459; x_wconf 85' lang='lat' dir='ltr'>nostrae¹</span> <span class='ocrx_word' id='word_1_127' title='bbox 683 1395 772 1470; x_wconf 87' lang='lat' dir='ltr'>septa</span> <span class='ocrx_word' id='word_1_128' title='bbox 786 1387 965 1469; x_wconf 82' lang='lat' dir='ltr'>recipiamus</span> <span class='ocrx_word' id='word_1_129' title='bbox 979 1377 1046 1467; x_wconf 78' lang='lat'>²²)?</span> 
     </span>
    </p>

    <p class='ocr_par' dir='ltr' id='par_1_3' title="bbox 19 1474 1415 2804">
     <span class='ocr_line' id='line_1_14' title="bbox 84 1474 1345 1561; baseline -0.002 -22"><span class='ocrx_word' id='word_1_130' title='bbox 84 1477 287 1560; x_wconf 86' lang='lat' dir='ltr'>Nequaquam</span> <span class='ocrx_word' id='word_1_131' title='bbox 308 1480 436 1542; x_wconf 87' lang='lat' dir='ltr'>veroid</span> <span class='ocrx_word' id='word_1_132' title='bbox 462 1480 531 1550; x_wconf 83' lang='lat' dir='ltr'>fieri.</span> <span class='ocrx_word' id='word_1_133' title='bbox 550 1485 663 1561; x_wconf 86' lang='lat' dir='ltr'>potest</span> <span class='ocrx_word' id='word_1_134' title='bbox 706 1478 832 1552; x_wconf 84' lang='lat' dir='ltr'>Habent</span> <span class='ocrx_word' id='word_1_135' title='bbox 861 1475 1009 1540; x_wconf 90' lang='lat' dir='ltr'>historiae</span> <span class='ocrx_word' id='word_1_136' title='bbox 1032 1475 1205 1550; x_wconf 88' lang='lat' dir='ltr'>Romanae,</span> <span class='ocrx_word' id='word_1_137' title='bbox 1228 1474 1345 1538; x_wconf 85' lang='lat' dir='ltr'>habeut</span> 
     </span>
     <span class='ocr_line' id='line_1_15' title="bbox 19 1564 1343 1646; baseline -0.001 -19"><span class='ocrx_word' id='word_1_138' title='bbox 19 1566 141 1628; x_wconf 82' lang='lat' dir='ltr'>lraecac</span> <span class='ocrx_word' id='word_1_139' title='bbox 158 1586 231 1628; x_wconf 90' lang='lat' dir='ltr'>suas</span> <span class='ocrx_word' id='word_1_140' title='bbox 240 1566 329 1629; x_wconf 88' lang='lat' dir='ltr'>sedes</span> <span class='ocrx_word' id='word_1_141' title='bbox 340 1569 627 1642; x_wconf 86' lang='lat' dir='ltr'>contestatissimas,</span> <span class='ocrx_word' id='word_1_142' title='bbox 642 1586 791 1630; x_wconf 90' lang='lat' dir='ltr'>consensu</span> <span class='ocrx_word' id='word_1_143' title='bbox 806 1585 866 1628; x_wconf 88' lang='lat' dir='ltr'>uon</span> <span class='ocrx_word' id='word_1_144' title='bbox 882 1583 985 1629; x_wconf 89' lang='lat' dir='ltr'>eorum</span> <span class='ocrx_word' id='word_1_145' title='bbox 999 1571 1128 1639; x_wconf 90' lang='lat' dir='ltr'>tautum,</span> <span class='ocrx_word' id='word_1_146' title='bbox 1144 1565 1193 1646; x_wconf 93' lang='lat' dir='ltr'>qui</span> <span class='ocrx_word' id='word_1_147' title='bbox 1207 1571 1281 1646; x_wconf 91' lang='lat' dir='ltr'>post</span> <span class='ocrx_word' id='word_1_148' title='bbox 1294 1564 1343 1626; x_wconf 81' lang='lat' dir='ltr'>vi-</span> 
     </span>
     <span class='ocr_line' id='line_1_16' title="bbox 19 1654 1415 1740; baseline -0.001 -24"><span class='ocrx_word' id='word_1_149' title='bbox 19 1661 117 1729; x_wconf 49' lang='lat' dir='ltr'>¹erunt,</span> <span class='ocrx_word' id='word_1_150' title='bbox 133 1662 385 1736; x_wconf 87' lang='lat' dir='ltr'>computatorum,</span> <span class='ocrx_word' id='word_1_151' title='bbox 399 1657 452 1720; x_wconf 88' lang='lat' dir='ltr'>sed</span> <span class='ocrx_word' id='word_1_152' title='bbox 463 1659 643 1740; x_wconf 89' lang='lat' dir='ltr'>scriptorum</span> <span class='ocrx_word' id='word_1_153' title='bbox 653 1665 894 1731; x_wconf 87' lang='lat' dir='ltr'>coaetaneorum,</span> <span class='ocrx_word' id='word_1_154' title='bbox 910 1673 966 1716; x_wconf 89' lang='lat' dir='ltr'>uec</span> <span class='ocrx_word' id='word_1_155' title='bbox 980 1654 1209 1717; x_wconf 89' lang='lat' dir='ltr'>vernaculorum</span> <span class='ocrx_word' id='word_1_156' title='bbox 1225 1660 1343 1716; x_wconf 90' lang='lat' dir='ltr'>tautum</span> <span class='ocrx_word' id='word_1_157' title='bbox 1412 1683 1415 1686; x_wconf 55' lang='lat'><strong>&gt;</strong></span> 
     </span>
     <span class='ocr_line' id='line_1_17' title="bbox 19 1743 1343 1828; baseline -0.001 -22"><span class='ocrx_word' id='word_1_158' title='bbox 19 1744 51 1806; x_wconf 88' lang='lat' dir='ltr'>ed</span> <span class='ocrx_word' id='word_1_159' title='bbox 68 1751 101 1805; x_wconf 91' lang='lat' dir='ltr'>et</span> <span class='ocrx_word' id='word_1_160' title='bbox 118 1750 347 1807; x_wconf 88' lang='lat' dir='ltr'>extraneorum:</span> <span class='ocrx_word' id='word_1_161' title='bbox 369 1754 406 1808; x_wconf 93' lang='lat' dir='ltr'>ut</span> <span class='ocrx_word' id='word_1_162' title='bbox 421 1748 446 1810; x_wconf 91' lang='lat' dir='ltr'>&#39;si</span> <span class='ocrx_word' id='word_1_163' title='bbox 461 1747 590 1811; x_wconf 87' lang='lat' dir='ltr'>Romani</span> <span class='ocrx_word' id='word_1_164' title='bbox 607 1747 786 1828; x_wconf 87' lang='lat' dir='ltr'>scriptores,</span> <span class='ocrx_word' id='word_1_165' title='bbox 809 1743 835 1806; x_wconf 88' lang='lat' dir='ltr'>si</span> <span class='ocrx_word' id='word_1_166' title='bbox 851 1762 954 1806; x_wconf 90' lang='lat' dir='ltr'>omnes</span> <span class='ocrx_word' id='word_1_167' title='bbox 970 1744 1009 1805; x_wconf 88' lang='lat' dir='ltr'>ad</span> <span class='ocrx_word' id='word_1_168' title='bbox 1024 1761 1115 1806; x_wconf 89' lang='lat' dir='ltr'>uuum</span> <span class='ocrx_word' id='word_1_169' title='bbox 1135 1743 1271 1806; x_wconf 91' lang='lat' dir='ltr'>homines</span> <span class='ocrx_word' id='word_1_170' title='bbox 1293 1743 1343 1823; x_wconf 90' lang='lat' dir='ltr'>qui</span> 
     </span>
     <span class='ocr_line' id='line_1_18' title="bbox 19 1832 1342 1917; baseline -0.002 -21"><span class='ocrx_word' id='word_1_171' title='bbox 19 1835 115 1896; x_wconf 82' lang='lat' dir='ltr'>tonnae</span> <span class='ocrx_word' id='word_1_172' title='bbox 130 1833 274 1896; x_wconf 88' lang='lat' dir='ltr'>vixerunt</span> <span class='ocrx_word' id='word_1_173' title='bbox 289 1843 453 1911; x_wconf 87' lang='lat' dir='ltr'>errassent,</span> <span class='ocrx_word' id='word_1_174' title='bbox 468 1836 587 1917; x_wconf 90' lang='lat' dir='ltr'>decepti</span> <span class='ocrx_word' id='word_1_175' title='bbox 603 1835 717 1898; x_wconf 91' lang='lat' dir='ltr'>tabulis</span> <span class='ocrx_word' id='word_1_176' title='bbox 733 1833 888 1897; x_wconf 89' lang='lat' dir='ltr'>consulum</span> <span class='ocrx_word' id='word_1_177' title='bbox 909 1833 1028 1914; x_wconf 90' lang='lat' dir='ltr'>publice</span> <span class='ocrx_word' id='word_1_178' title='bbox 1051 1832 1105 1894; x_wconf 91' lang='lat' dir='ltr'>sed</span> <span class='ocrx_word' id='word_1_179' title='bbox 1120 1833 1230 1894; x_wconf 87' lang='lat' dir='ltr'>vitiose</span> <span class='ocrx_word' id='word_1_180' title='bbox 1246 1847 1342 1915; x_wconf 59' lang='lat' dir='ltr'>expof·</span> 
     </span>
     <span class='ocr_line' id='line_1_19' title="bbox 19 1915 1344 2004; baseline -0.001 -20"><span class='ocrx_word' id='word_1_181' title='bbox 19 1923 82 1997; x_wconf 82' lang='lat' dir='ltr'>itis,</span> <span class='ocrx_word' id='word_1_182' title='bbox 103 1923 256 2004; x_wconf 91' lang='lat' dir='ltr'>peregrini</span> <span class='ocrx_word' id='word_1_183' title='bbox 276 1931 395 2000; x_wconf 89' lang='lat' dir='ltr'>tamen,</span> <span class='ocrx_word' id='word_1_184' title='bbox 417 1925 583 1988; x_wconf 90' lang='lat' dir='ltr'>domestica</span> <span class='ocrx_word' id='word_1_185' title='bbox 605 1923 779 1987; x_wconf 89' lang='lat' dir='ltr'>numerandi</span> <span class='ocrx_word' id='word_1_186' title='bbox 801 1923 919 1986; x_wconf 91' lang='lat' dir='ltr'>ratione</span> <span class='ocrx_word' id='word_1_187' title='bbox 941 1922 1059 1984; x_wconf 82' lang='lat' dir='ltr'>subnixi</span> <span class='ocrx_word' id='word_1_188' title='bbox 1083 1915 1133 2002; x_wconf 85' lang='lat' dir='ltr'>(ut</span> <span class='ocrx_word' id='word_1_189' title='bbox 1156 1919 1267 1984; x_wconf 87' lang='lat' dir='ltr'>Graeci</span> <span class='ocrx_word' id='word_1_190' title='bbox 1288 1938 1344 2001; x_wconf 91' lang='lat' dir='ltr'>per</span> 
     </span>
     <span class='ocr_line' id='line_1_20' title="bbox 19 2010 1342 2094; baseline 0.001 -22"><span class='ocrx_word' id='word_1_191' title='bbox 19 2012 212 2091; x_wconf 73' lang='lat' dir='ltr'>&gt;lympiadas‚</span> <span class='ocrx_word' id='word_1_192' title='bbox 227 2012 380 2093; x_wconf 85' lang='lat' dir='ltr'>Jpsephus</span> <span class='ocrx_word' id='word_1_193' title='bbox 390 2029 445 2094; x_wconf 88' lang='lat' dir='ltr'>per</span> <span class='ocrx_word' id='word_1_194' title='bbox 461 2015 665 2088; x_wconf 87' lang='lat' dir='ltr'>sabbathicos,</span> <span class='ocrx_word' id='word_1_195' title='bbox 682 2015 793 2094; x_wconf 89' lang='lat' dir='ltr'>quippe</span> <span class='ocrx_word' id='word_1_196' title='bbox 808 2029 916 2074; x_wconf 90' lang='lat' dir='ltr'>annum</span> <span class='ocrx_word' id='word_1_197' title='bbox 926 2012 1078 2074; x_wconf 88' lang='lat' dir='ltr'>Julianum</span> <span class='ocrx_word' id='word_1_198' title='bbox 1094 2010 1126 2073; x_wconf 89' lang='grc'>9.·</span> <span class='ocrx_word' id='word_1_199' title='bbox 1139 2011 1214 2072; x_wconf 87' lang='lat' dir='ltr'>facit</span> <span class='ocrx_word' id='word_1_200' title='bbox 1229 2010 1342 2073; x_wconf 86' lang='lat' dir='ltr'>sabba·</span> 
     </span>
     <span class='ocr_line' id='line_1_21' title="bbox 19 2095 1342 2183; baseline -0.002 -21"><span class='ocrx_word' id='word_1_201' title='bbox 19 2095 128 2180; x_wconf 91' lang='lat' dir='ltr'>hicum)</span> <span class='ocrx_word' id='word_1_202' title='bbox 146 2118 279 2163; x_wconf 88' lang='lat' dir='ltr'>errorem</span> <span class='ocrx_word' id='word_1_203' title='bbox 294 2103 485 2183; x_wconf 90' lang='lat' dir='ltr'>redarguturi</span> <span class='ocrx_word' id='word_1_204' title='bbox 500 2104 619 2166; x_wconf 80' lang='lat' dir='ltr'>fuerint</span> <span class='ocrx_word' id='word_1_205' title='bbox 656 2101 737 2175; x_wconf 84' lang='lat' dir='ltr'>Quid</span> <span class='ocrx_word' id='word_1_206' title='bbox 752 2109 825 2164; x_wconf 87' lang='lat' dir='ltr'>vero</span> <span class='ocrx_word' id='word_1_207' title='bbox 841 2101 907 2163; x_wconf 89' lang='lat' dir='ltr'>dico</span> <span class='ocrx_word' id='word_1_208' title='bbox 930 2100 967 2163; x_wconf 90' lang='lat' dir='ltr'>de</span> <span class='ocrx_word' id='word_1_209' title='bbox 984 2100 1181 2180; x_wconf 89' lang='lat' dir='ltr'>scriptoribus</span> <span class='ocrx_word' id='word_1_210' title='bbox 1196 2099 1342 2163; x_wconf 85' lang='lat' dir='ltr'>historia-</span> 
     </span>
     <span class='ocr_line' id='line_1_22' title="bbox 19 2186 1343 2273; baseline 0 -23"><span class='ocrx_word' id='word_1_211' title='bbox 19 2190 82 2251; x_wconf 86' lang='lat' dir='ltr'>um?</span> <span class='ocrx_word' id='word_1_212' title='bbox 119 2188 181 2251; x_wconf 89' lang='lat' dir='ltr'>Vel</span> <span class='ocrx_word' id='word_1_213' title='bbox 204 2187 287 2253; x_wconf 85' lang='lat' dir='ltr'>solas</span> <span class='ocrx_word' id='word_1_214' title='bbox 310 2191 492 2271; x_wconf 88' lang='lat' dir='ltr'>singulorum</span> <span class='ocrx_word' id='word_1_215' title='bbox 515 2200 636 2256; x_wconf 89' lang='lat' dir='ltr'>aetates</span> <span class='ocrx_word' id='word_1_216' title='bbox 659 2191 778 2273; x_wconf 91' lang='lat' dir='ltr'>appello</span> <span class='ocrx_word' id='word_1_217' title='bbox 802 2197 834 2253; x_wconf 92' lang='lat' dir='ltr'>et</span> <span class='ocrx_word' id='word_1_218' title='bbox 859 2208 988 2271; x_wconf 89' lang='lat' dir='ltr'>quaero,</span> <span class='ocrx_word' id='word_1_219' title='bbox 1011 2207 1138 2252; x_wconf 91' lang='lat' dir='ltr'>nemone</span> <span class='ocrx_word' id='word_1_220' title='bbox 1162 2188 1268 2263; x_wconf 88' lang='lat' dir='ltr'>fuerit,</span> <span class='ocrx_word' id='word_1_221' title='bbox 1293 2186 1343 2269; x_wconf 93' lang='lat' dir='ltr'>qui</span> 
     </span>
     <span class='ocr_line' id='line_1_23' title="bbox 19 2278 1342 2362; baseline -0.002 -22"><span class='ocrx_word' id='word_1_222' title='bbox 19 2286 134 2341; x_wconf 88' lang='lat' dir='ltr'>etatem</span> <span class='ocrx_word' id='word_1_223' title='bbox 150 2297 237 2341; x_wconf 87' lang='lat' dir='ltr'>suam</span> <span class='ocrx_word' id='word_1_224' title='bbox 252 2279 354 2354; x_wconf 87' lang='lat' dir='ltr'>aliter,</span> <span class='ocrx_word' id='word_1_225' title='bbox 377 2301 466 2362; x_wconf 92' lang='lat' dir='ltr'>quam</span> <span class='ocrx_word' id='word_1_226' title='bbox 481 2301 519 2345; x_wconf 87' lang='lat' dir='ltr'>ex</span> <span class='ocrx_word' id='word_1_227' title='bbox 533 2282 668 2357; x_wconf 91' lang='lat' dir='ltr'>vitiosis,</span> <span class='ocrx_word' id='word_1_228' title='bbox 690 2288 726 2343; x_wconf 91' lang='lat' dir='ltr'>ut</span> <span class='ocrx_word' id='word_1_229' title='bbox 739 2281 873 2355; x_wconf 86' lang='lat' dir='ltr'>volunt,¹</span> <span class='ocrx_word' id='word_1_230' title='bbox 884 2279 996 2342; x_wconf 88' lang='lat' dir='ltr'>tabulis</span> <span class='ocrx_word' id='word_1_231' title='bbox 1012 2278 1166 2340; x_wconf 90' lang='lat' dir='ltr'>consulum</span> <span class='ocrx_word' id='word_1_232' title='bbox 1186 2295 1342 2340; x_wconf 87' lang='lat' dir='ltr'>numerare</span> 
     </span>
     <span class='ocr_line' id='line_1_24' title="bbox 19 2366 1343 2452; baseline -0.001 -23"><span class='ocrx_word' id='word_1_233' title='bbox 19 2367 158 2437; x_wconf 84' lang='lat' dir='ltr'>idicerit?</span> <span class='ocrx_word' id='word_1_234' title='bbox 189 2368 313 2447; x_wconf 89' lang='lat' dir='ltr'>Trajani</span> <span class='ocrx_word' id='word_1_235' title='bbox 335 2370 453 2434; x_wconf 88' lang='lat' dir='ltr'>initium</span> <span class='ocrx_word' id='word_1_236' title='bbox 469 2378 612 2452; x_wconf 90' lang='lat' dir='ltr'>quantum</span> <span class='ocrx_word' id='word_1_237' title='bbox 635 2370 756 2433; x_wconf 84' lang='lat' dir='ltr'>anobis</span> <span class='ocrx_word' id='word_1_238' title='bbox 776 2376 858 2433; x_wconf 91' lang='lat' dir='ltr'>retro</span> <span class='ocrx_word' id='word_1_239' title='bbox 882 2369 989 2442; x_wconf 89' lang='lat' dir='ltr'>distet,</span> <span class='ocrx_word' id='word_1_240' title='bbox 1011 2386 1067 2429; x_wconf 89' lang='lat' dir='ltr'>nec</span> <span class='ocrx_word' id='word_1_241' title='bbox 1083 2367 1247 2441; x_wconf 87' lang='lat' dir='ltr'>dubitatur,</span> <span class='ocrx_word' id='word_1_242' title='bbox 1269 2366 1343 2429; x_wconf 90' lang='lat' dir='ltr'>etsi</span> 
     </span>
     <span class='ocr_line' id='line_1_25' title="bbox 20 2455 1343 2541; baseline -0.001 -23"><span class='ocrx_word' id='word_1_243' title='bbox 20 2455 130 2531; x_wconf 90' lang='lat' dir='ltr'>ubites,</span> <span class='ocrx_word' id='word_1_244' title='bbox 145 2457 355 2537; x_wconf 86' lang='lat' dir='ltr'>conjunctione</span> <span class='ocrx_word' id='word_1_245' title='bbox 370 2459 475 2522; x_wconf 90' lang='lat' dir='ltr'>Lunae</span> <span class='ocrx_word' id='word_1_246' title='bbox 491 2468 525 2522; x_wconf 89' lang='lat' dir='ltr'>et</span> <span class='ocrx_word' id='word_1_247' title='bbox 539 2459 650 2541; x_wconf 91' lang='lat' dir='ltr'>Spicas</span> <span class='ocrx_word' id='word_1_248' title='bbox 660 2459 796 2539; x_wconf 82' lang='lat' dir='ltr'>Virginis</span> <span class='ocrx_word' id='word_1_249' title='bbox 812 2458 843 2521; x_wconf 94' lang='lat' dir='ltr'>in</span> <span class='ocrx_word' id='word_1_250' title='bbox 859 2458 946 2520; x_wconf 91' lang='lat' dir='ltr'>anuis</span> <span class='ocrx_word' id='word_1_251' title='bbox 961 2457 1192 2520; x_wconf 87' lang='lat' dir='ltr'>Nabonuassari</span> <span class='ocrx_word' id='word_1_252' title='bbox 1208 2455 1343 2537; x_wconf 81' lang='lat' dir='ltr'>adeoque</span> 
     </span>
     <span class='ocr_line' id='line_1_26' title="bbox 19 2545 1343 2630; baseline 0 -24"><span class='ocrx_word' id='word_1_253' title='bbox 19 2546 131 2607; x_wconf 86' lang='lat' dir='ltr'>ocoelo</span> <span class='ocrx_word' id='word_1_254' title='bbox 148 2545 216 2626; x_wconf 91' lang='lat' dir='ltr'>ipso</span> <span class='ocrx_word' id='word_1_255' title='bbox 233 2546 385 2626; x_wconf 88' lang='lat' dir='ltr'>signatum</span> <span class='ocrx_word' id='word_1_256' title='bbox 401 2556 449 2611; x_wconf 87' lang='lat' dir='ltr'>est</span> <span class='ocrx_word' id='word_1_257' title='bbox 465 2571 484 2611; x_wconf 93' lang='lat' dir='ltr'>a</span> <span class='ocrx_word' id='word_1_258' title='bbox 497 2549 656 2623; x_wconf 82' lang='lat' dir='ltr'>Menela03</span> <span class='ocrx_word' id='word_1_259' title='bbox 679 2550 784 2612; x_wconf 88' lang='lat' dir='ltr'>Nerva</span> <span class='ocrx_word' id='word_1_260' title='bbox 799 2548 892 2610; x_wconf 90' lang='lat' dir='ltr'>etiam</span> <span class='ocrx_word' id='word_1_261' title='bbox 907 2552 1041 2609; x_wconf 91' lang='lat' dir='ltr'>mortuus</span> <span class='ocrx_word' id='word_1_262' title='bbox 1058 2552 1108 2630; x_wconf 81' lang='lat' dir='ltr'>est</span> <span class='ocrx_word' id='word_1_263' title='bbox 1122 2545 1278 2619; x_wconf 80' lang='lat' dir='ltr'>annoillo,</span> <span class='ocrx_word' id='word_1_264' title='bbox 1294 2545 1343 2626; x_wconf 93' lang='lat' dir='ltr'>qui</span> 
     </span>
     <span class='ocr_line' id='line_1_27' title="bbox 19 2632 1343 2714; baseline -0.002 -17"><span class='ocrx_word' id='word_1_265' title='bbox 19 2643 68 2698; x_wconf 91' lang='lat' dir='ltr'>rat</span> <span class='ocrx_word' id='word_1_266' title='bbox 83 2653 176 2697; x_wconf 89' lang='lat' dir='ltr'>aerae</span> <span class='ocrx_word' id='word_1_267' title='bbox 193 2643 317 2698; x_wconf 88' lang='lat' dir='ltr'>nostras</span> <span class='ocrx_word' id='word_1_268' title='bbox 334 2636 384 2700; x_wconf 87' lang='grc'>98.</span> <span class='ocrx_word' id='word_1_269' title='bbox 400 2638 453 2700; x_wconf 91' lang='lat' dir='ltr'>VI.</span> <span class='ocrx_word' id='word_1_270' title='bbox 470 2636 536 2701; x_wconf 87' lang='lat' dir='ltr'>Cal.</span> <span class='ocrx_word' id='word_1_271' title='bbox 550 2637 651 2712; x_wconf 76' lang='lat' dir='ltr'>Febr,</span> <span class='ocrx_word' id='word_1_272' title='bbox 664 2656 730 2699; x_wconf 88' lang='lat' dir='ltr'>cum</span> <span class='ocrx_word' id='word_1_273' title='bbox 744 2637 816 2699; x_wconf 88' lang='lat' dir='ltr'>XII.</span> <span class='ocrx_word' id='word_1_274' title='bbox 833 2634 898 2700; x_wconf 90' lang='lat' dir='ltr'>Cal.</span> <span class='ocrx_word' id='word_1_275' title='bbox 914 2641 986 2701; x_wconf 81' lang='lat' dir='ltr'>ante</span> <span class='ocrx_word' id='word_1_276' title='bbox 1001 2633 1110 2697; x_wconf 85' lang='lat' dir='ltr'>fuisset</span> <span class='ocrx_word' id='word_1_277' title='bbox 1125 2633 1246 2714; x_wconf 88' lang='lat' dir='ltr'>eclipsis</span> <span class='ocrx_word' id='word_1_278' title='bbox 1262 2632 1343 2696; x_wconf 89' lang='lat' dir='ltr'>Solis</span> 
     </span>
     <span class='ocr_line' id='line_1_28' title="bbox 20 2723 1343 2804; baseline -0.002 -18"><span class='ocrx_word' id='word_1_279' title='bbox 20 2724 143 2798; x_wconf 81' lang='lat' dir='ltr'>arvula3</span> <span class='ocrx_word' id='word_1_280' title='bbox 167 2723 330 2804; x_wconf 89' lang='lat' dir='ltr'>imperavit</span> <span class='ocrx_word' id='word_1_281' title='bbox 349 2746 459 2788; x_wconf 91' lang='lat' dir='ltr'>anuum</span> <span class='ocrx_word' id='word_1_282' title='bbox 484 2728 497 2789; x_wconf 92' lang='lat' dir='ltr'>l</span> <span class='ocrx_word' id='word_1_283' title='bbox 522 2744 641 2790; x_wconf 85' lang='lat' dir='ltr'>meuses</span> <span class='ocrx_word' id='word_1_284' title='bbox 657 2726 698 2788; x_wconf 84' lang='grc'>4.-</span> <span class='ocrx_word' id='word_1_285' title='bbox 722 2725 914 2788; x_wconf 89' lang='lat' dir='ltr'>Domitianus</span> <span class='ocrx_word' id='word_1_286' title='bbox 929 2723 1021 2804; x_wconf 86' lang='lat' dir='ltr'>igitur</span> <span class='ocrx_word' id='word_1_287' title='bbox 1036 2741 1143 2784; x_wconf 88' lang='lat' dir='ltr'>caesus</span> <span class='ocrx_word' id='word_1_288' title='bbox 1159 2741 1237 2784; x_wconf 89' lang='lat' dir='ltr'>auno</span> <span class='ocrx_word' id='word_1_289' title='bbox 1254 2740 1343 2784; x_wconf 88' lang='lat' dir='ltr'>aerae</span> 
     </span>
    </p>
   </div>
   <div class='ocr_carea' id='block_1_3' title="bbox 20 2809 1461 2896">
    <p class='ocr_par' dir='ltr' id='par_1_4' title="bbox 20 2809 1461 2896">
     <span class='ocr_line' id='line_1_29' title="bbox 20 2809 1461 2896; baseline -0.001 -22"><span class='ocrx_word' id='word_1_290' title='bbox 20 2813 86 2893; x_wconf 88' lang='lat' dir='ltr'>ujus</span> <span class='ocrx_word' id='word_1_291' title='bbox 103 2811 156 2886; x_wconf 83' lang='lat'>96,</span> <span class='ocrx_word' id='word_1_292' title='bbox 180 2831 237 2894; x_wconf 93' lang='lat' dir='ltr'>quo</span> <span class='ocrx_word' id='word_1_293' title='bbox 254 2833 333 2875; x_wconf 89' lang='lat' dir='ltr'>auno</span> <span class='ocrx_word' id='word_1_294' title='bbox 348 2816 471 2896; x_wconf 91' lang='lat' dir='ltr'>insuper</span> <span class='ocrx_word' id='word_1_295' title='bbox 484 2815 573 2878; x_wconf 90' lang='lat' dir='ltr'>Luna</span> <span class='ocrx_word' id='word_1_296' title='bbox 589 2816 636 2878; x_wconf 91' lang='lat' dir='ltr'>die</span> <span class='ocrx_word' id='word_1_297' title='bbox 655 2814 703 2877; x_wconf 86' lang='lat'>18.</span> <span class='ocrx_word' id='word_1_298' title='bbox 713 2813 808 2894; x_wconf 89' lang='lat' dir='ltr'>Sept,</span> <span class='ocrx_word' id='word_1_299' title='bbox 831 2814 909 2875; x_wconf 92' lang='lat' dir='ltr'>sicut</span> <span class='ocrx_word' id='word_1_300' title='bbox 923 2811 1115 2875; x_wconf 91' lang='lat' dir='ltr'>Domitianus</span> <span class='ocrx_word' id='word_1_301' title='bbox 1130 2809 1291 2891; x_wconf 82' lang='lat' dir='ltr'>praedixit,</span> <span class='ocrx_word' id='word_1_302' title='bbox 1312 2810 1343 2873; x_wconf 95' lang='lat' dir='ltr'>iu</span> <span class='ocrx_word' id='word_1_303' title='bbox 1420 2812 1423 2825; x_wconf 89' lang='lat'>&#39;</span> <span class='ocrx_word' id='word_1_304' title='bbox 1458 2853 1461 2862; x_wconf 43' lang='grc' dir='ltr'>ι</span> 
     </span>
    </p>
   </div>
   <div class='ocr_carea' id='block_1_4' title="bbox 20 2899 1343 4858">
    <p class='ocr_par' dir='ltr' id='par_1_5' title="bbox 20 2899 1343 4858">
     <span class='ocr_line' id='line_1_30' title="bbox 20 2899 1342 2986; baseline -0.003 -22"><span class='ocrx_word' id='word_1_305' title='bbox 20 2902 136 2983; x_wconf 87' lang='lat' dir='ltr'>lquario</span> <span class='ocrx_word' id='word_1_306' title='bbox 153 2903 333 2965; x_wconf 85' lang='lat' dir='ltr'>cruentavit.</span> <span class='ocrx_word' id='word_1_307' title='bbox 373 2905 539 2986; x_wconf 85' lang='lat' dir='ltr'>Imperavit</span> <span class='ocrx_word' id='word_1_308' title='bbox 560 2923 632 2966; x_wconf 89' lang='lat' dir='ltr'>vero</span> <span class='ocrx_word' id='word_1_309' title='bbox 655 2923 750 2966; x_wconf 86' lang='lat' dir='ltr'>annos</span> <span class='ocrx_word' id='word_1_310' title='bbox 775 2903 831 2977; x_wconf 79' lang='lat'>15,</span> <span class='ocrx_word' id='word_1_311' title='bbox 853 2920 925 2983; x_wconf 89' lang='lat' dir='ltr'>ergo</span> <span class='ocrx_word' id='word_1_312' title='bbox 941 2920 1019 2964; x_wconf 91' lang='lat' dir='ltr'>auno</span> <span class='ocrx_word' id='word_1_313' title='bbox 1041 2899 1093 2963; x_wconf 90' lang='lat'>81.</span> <span class='ocrx_word' id='word_1_314' title='bbox 1109 2918 1199 2962; x_wconf 87' lang='lat' dir='ltr'>aerae</span> <span class='ocrx_word' id='word_1_315' title='bbox 1218 2905 1342 2961; x_wconf 88' lang='lat' dir='ltr'>nostrae</span> 
     </span>
     <span class='ocr_line' id='line_1_31' title="bbox 20 2987 1341 3073; baseline -0.002 -22"><span class='ocrx_word' id='word_1_316' title='bbox 20 2990 164 3065; x_wconf 86' lang='lat' dir='ltr'>necessit,</span> <span class='ocrx_word' id='word_1_317' title='bbox 187 2998 219 3053; x_wconf 87' lang='lat' dir='ltr'>et</span> <span class='ocrx_word' id='word_1_318' title='bbox 234 3005 330 3054; x_wconf 87' lang='lat' dir='ltr'>annus</span> <span class='ocrx_word' id='word_1_319' title='bbox 347 2991 398 3057; x_wconf 84' lang='grc'>93.</span> <span class='ocrx_word' id='word_1_320' title='bbox 421 3001 470 3056; x_wconf 91' lang='lat' dir='ltr'>est</span> <span class='ocrx_word' id='word_1_321' title='bbox 489 2992 671 3058; x_wconf 89' lang='lat' dir='ltr'>tredecimus</span> <span class='ocrx_word' id='word_1_322' title='bbox 701 2992 764 3073; x_wconf 87' lang='lat' dir='ltr'>ejus</span> <span class='ocrx_word' id='word_1_323' title='bbox 791 2991 915 3072; x_wconf 87' lang='lat' dir='ltr'>imperii.</span> <span class='ocrx_word' id='word_1_324' title='bbox 958 2989 1004 3053; x_wconf 85' lang='lat' dir='ltr'>At</span> <span class='ocrx_word' id='word_1_325' title='bbox 1028 2997 1166 3052; x_wconf 86' lang='lat' dir='ltr'>numerat</span> <span class='ocrx_word' id='word_1_326' title='bbox 1189 2987 1341 3068; x_wconf 88' lang='lat' dir='ltr'>Josephus</span> 
     </span>
     <span class='ocr_line' id='line_1_32' title="bbox 20 3076 1340 3163; baseline -0.001 -23"><span class='ocrx_word' id='word_1_327' title='bbox 20 3099 110 3142; x_wconf 54' lang='lat' dir='ltr'>,nuum</span> <span class='ocrx_word' id='word_1_328' title='bbox 127 3081 240 3142; x_wconf 89' lang='lat' dir='ltr'>aetatis</span> <span class='ocrx_word' id='word_1_329' title='bbox 256 3080 309 3154; x_wconf 83' lang='lat'>56,</span> <span class='ocrx_word' id='word_1_330' title='bbox 325 3100 397 3163; x_wconf 86' lang='lat' dir='ltr'>ergo</span> <span class='ocrx_word' id='word_1_331' title='bbox 420 3083 493 3145; x_wconf 91' lang='lat' dir='ltr'>dicit</span> <span class='ocrx_word' id='word_1_332' title='bbox 509 3102 542 3145; x_wconf 89' lang='lat' dir='ltr'>se</span> <span class='ocrx_word' id='word_1_333' title='bbox 558 3089 662 3145; x_wconf 85' lang='lat' dir='ltr'>uatum</span> <span class='ocrx_word' id='word_1_334' title='bbox 678 3101 756 3143; x_wconf 80' lang='lat' dir='ltr'>arno</span> <span class='ocrx_word' id='word_1_335' title='bbox 772 3076 823 3144; x_wconf 88' lang='grc'>37.</span> <span class='ocrx_word' id='word_1_336' title='bbox 844 3081 892 3142; x_wconf 88' lang='lat' dir='ltr'>vel</span> <span class='ocrx_word' id='word_1_337' title='bbox 908 3078 960 3143; x_wconf 84' lang='lat'>38.</span> <span class='ocrx_word' id='word_1_338' title='bbox 976 3097 1066 3157; x_wconf 74' lang='lat' dir='ltr'>aerae</span> <span class='ocrx_word' id='word_1_339' title='bbox 1081 3085 1214 3140; x_wconf 88' lang='lat' dir='ltr'>nostrae.</span> <span class='ocrx_word' id='word_1_340' title='bbox 1242 3077 1340 3140; x_wconf 81' lang='lat' dir='ltr'>Affir-</span> 
     </span>
     <span class='ocr_line' id='line_1_33' title="bbox 20 3164 1341 3252; baseline -0.001 -24"><span class='ocrx_word' id='word_1_341' title='bbox 20 3174 62 3229; x_wconf 87' lang='lat' dir='ltr'>1at</span> <span class='ocrx_word' id='word_1_342' title='bbox 76 3187 167 3242; x_wconf 88' lang='lat' dir='ltr'>vero,</span> <span class='ocrx_word' id='word_1_343' title='bbox 190 3179 223 3231; x_wconf 87' lang='lat' dir='ltr'>se</span> <span class='ocrx_word' id='word_1_344' title='bbox 238 3179 344 3232; x_wconf 91' lang='lat' dir='ltr'>natum</span> <span class='ocrx_word' id='word_1_345' title='bbox 366 3190 446 3233; x_wconf 91' lang='lat' dir='ltr'>anuo</span> <span class='ocrx_word' id='word_1_346' title='bbox 464 3173 491 3234; x_wconf 91' lang='lat' dir='ltr'>l.</span> <span class='ocrx_word' id='word_1_347' title='bbox 508 3170 591 3252; x_wconf 88' lang='lat' dir='ltr'>Caji,</span> <span class='ocrx_word' id='word_1_348' title='bbox 612 3189 672 3232; x_wconf 92' lang='lat' dir='ltr'>non</span> <span class='ocrx_word' id='word_1_349' title='bbox 694 3177 799 3252; x_wconf 88' lang='lat' dir='ltr'>potest</span> <span class='ocrx_word' id='word_1_350' title='bbox 818 3170 911 3250; x_wconf 91' lang='lat' dir='ltr'>igitur</span> <span class='ocrx_word' id='word_1_351' title='bbox 932 3168 1049 3231; x_wconf 88' lang='lat' dir='ltr'>initium</span> <span class='ocrx_word' id='word_1_352' title='bbox 1065 3164 1133 3248; x_wconf 86' lang='lat' dir='ltr'>Caji</span> <span class='ocrx_word' id='word_1_353' title='bbox 1156 3167 1251 3229; x_wconf 90' lang='lat' dir='ltr'>serius</span> <span class='ocrx_word' id='word_1_354' title='bbox 1271 3164 1341 3247; x_wconf 92' lang='lat' dir='ltr'>poni</span> 
     </span>
     <span class='ocr_line' id='line_1_34' title="bbox 20 3253 1341 3340; baseline -0.002 -21"><span class='ocrx_word' id='word_1_355' title='bbox 20 3276 90 3338; x_wconf 80' lang='lat' dir='ltr'>pam</span> <span class='ocrx_word' id='word_1_356' title='bbox 106 3277 186 3320; x_wconf 88' lang='lat' dir='ltr'>anno</span> <span class='ocrx_word' id='word_1_357' title='bbox 202 3253 244 3324; x_wconf 83' lang='grc'>37</span> <span class='ocrx_word' id='word_1_358' title='bbox 259 3259 309 3321; x_wconf 89' lang='lat' dir='ltr'>vel</span> <span class='ocrx_word' id='word_1_359' title='bbox 324 3259 383 3336; x_wconf 81' lang='lat'>38,</span> <span class='ocrx_word' id='word_1_360' title='bbox 393 3261 450 3323; x_wconf 87' lang='lat' dir='ltr'>nisi</span> <span class='ocrx_word' id='word_1_361' title='bbox 467 3260 663 3334; x_wconf 88' lang='lat' dir='ltr'>concesseris,</span> <span class='ocrx_word' id='word_1_362' title='bbox 677 3258 1050 3340; x_wconf 84' lang='lat' dir='ltr'>JosephumJerosolymis</span> <span class='ocrx_word' id='word_1_363' title='bbox 1066 3256 1227 3337; x_wconf 79' lang='lat' dir='ltr'>degentem</span> <span class='ocrx_word' id='word_1_364' title='bbox 1240 3255 1341 3318; x_wconf 90' lang='lat' dir='ltr'>nesci-</span> 
     </span>
     <span class='ocr_line' id='line_1_35' title="bbox 20 3345 1341 3429; baseline 0 -22"><span class='ocrx_word' id='word_1_365' title='bbox 20 3365 60 3407; x_wconf 83' lang='lat' dir='ltr'>sse</span> <span class='ocrx_word' id='word_1_366' title='bbox 82 3365 241 3409; x_wconf 88' lang='lat' dir='ltr'>numerare</span> <span class='ocrx_word' id='word_1_367' title='bbox 264 3367 361 3411; x_wconf 90' lang='lat' dir='ltr'>annos</span> <span class='ocrx_word' id='word_1_368' title='bbox 384 3350 498 3413; x_wconf 88' lang='lat' dir='ltr'>aetatis</span> <span class='ocrx_word' id='word_1_369' title='bbox 519 3369 607 3412; x_wconf 87' lang='lat' dir='ltr'>suae:</span> <span class='ocrx_word' id='word_1_370' title='bbox 638 3357 698 3412; x_wconf 88' lang='lat' dir='ltr'>non</span> <span class='ocrx_word' id='word_1_371' title='bbox 720 3356 770 3412; x_wconf 90' lang='lat' dir='ltr'>est</span> <span class='ocrx_word' id='word_1_372' title='bbox 790 3349 883 3429; x_wconf 89' lang='lat' dir='ltr'>igitur</span> <span class='ocrx_word' id='word_1_373' title='bbox 904 3348 962 3411; x_wconf 92' lang='lat' dir='ltr'>hoc</span> <span class='ocrx_word' id='word_1_374' title='bbox 983 3353 1102 3429; x_wconf 91' lang='lat' dir='ltr'>tempus</span> <span class='ocrx_word' id='word_1_375' title='bbox 1121 3345 1251 3409; x_wconf 89' lang='lat' dir='ltr'>triennio</span> <span class='ocrx_word' id='word_1_376' title='bbox 1267 3363 1341 3408; x_wconf 92' lang='lat' dir='ltr'>con-</span> 
     </span>
     <span class='ocr_line' id='line_1_36' title="bbox 20 3433 1340 3519; baseline 0 -23"><span class='ocrx_word' id='word_1_377' title='bbox 20 3436 136 3497; x_wconf 88' lang='lat' dir='ltr'>ractius.</span> <span class='ocrx_word' id='word_1_378' title='bbox 173 3433 376 3505; x_wconf 87' lang='lat' dir='ltr'>Quis-melius</span> <span class='ocrx_word' id='word_1_379' title='bbox 398 3440 516 3502; x_wconf 90' lang='lat' dir='ltr'>noverit</span> <span class='ocrx_word' id='word_1_380' title='bbox 538 3446 673 3501; x_wconf 81' lang='lat' dir='ltr'>aetatem</span> <span class='ocrx_word' id='word_1_381' title='bbox 694 3438 873 3519; x_wconf 80' lang='lat' dir='ltr'>Agricolae,</span> <span class='ocrx_word' id='word_1_382' title='bbox 895 3456 985 3518; x_wconf 89' lang='lat' dir='ltr'>quam</span> <span class='ocrx_word' id='word_1_383' title='bbox 1006 3436 1146 3511; x_wconf 87' lang='lat' dir='ltr'>Tacitus,</span> <span class='ocrx_word' id='word_1_384' title='bbox 1173 3434 1238 3515; x_wconf 90' lang='lat' dir='ltr'>ejus</span> <span class='ocrx_word' id='word_1_385' title='bbox 1259 3434 1340 3497; x_wconf 88' lang='lat' dir='ltr'>vitae</span> 
     </span>
     <span class='ocr_line' id='line_1_37' title="bbox 21 3522 1342 3610; baseline 0 -25"><span class='ocrx_word' id='word_1_386' title='bbox 21 3525 131 3604; x_wconf 88' lang='lat' dir='ltr'>criptor</span> <span class='ocrx_word' id='word_1_387' title='bbox 145 3523 279 3603; x_wconf 87' lang='lat' dir='ltr'>ejusdem</span> <span class='ocrx_word' id='word_1_388' title='bbox 295 3532 328 3587; x_wconf 89' lang='lat' dir='ltr'>et</span> <span class='ocrx_word' id='word_1_389' title='bbox 342 3529 454 3606; x_wconf 86' lang='lat' dir='ltr'>gener?</span> <span class='ocrx_word' id='word_1_390' title='bbox 477 3528 657 3601; x_wconf 86' lang='lat' dir='ltr'>Decessisse</span> <span class='ocrx_word' id='word_1_391' title='bbox 673 3528 718 3589; x_wconf 91' lang='lat' dir='ltr'>ait</span> <span class='ocrx_word' id='word_1_392' title='bbox 728 3526 854 3610; x_wconf 88' lang='lat' dir='ltr'>Collega</span> <span class='ocrx_word' id='word_1_393' title='bbox 861 3526 1028 3606; x_wconf 86' lang='lat' dir='ltr'>Priseoque</span> <span class='ocrx_word' id='word_1_394' title='bbox 1045 3522 1141 3598; x_wconf 86' lang='lat' dir='ltr'>Coss,</span> <span class='ocrx_word' id='word_1_395' title='bbox 1157 3525 1207 3605; x_wconf 90' lang='lat' dir='ltr'>qui</span> <span class='ocrx_word' id='word_1_396' title='bbox 1222 3525 1342 3586; x_wconf 81' lang='lat' dir='ltr'>fuerunt</span> 
     </span>
     <span class='ocr_line' id='line_1_38' title="bbox 20 3605 1340 3693; baseline 0.001 -20"><span class='ocrx_word' id='word_1_397' title='bbox 20 3613 154 3676; x_wconf 72' lang='lat' dir='ltr'>›enutimi</span> <span class='ocrx_word' id='word_1_398' title='bbox 169 3613 336 3676; x_wconf 89' lang='lat' dir='ltr'>Domitiani</span> <span class='ocrx_word' id='word_1_399' title='bbox 353 3605 455 3687; x_wconf 85' lang='lat' dir='ltr'>Coss,</span> <span class='ocrx_word' id='word_1_400' title='bbox 477 3635 555 3679; x_wconf 88' lang='lat' dir='ltr'>auno</span> <span class='ocrx_word' id='word_1_401' title='bbox 571 3612 622 3679; x_wconf 90' lang='grc'>56.</span> <span class='ocrx_word' id='word_1_402' title='bbox 638 3616 765 3691; x_wconf 90' lang='lat' dir='ltr'>aetatis,</span> <span class='ocrx_word' id='word_1_403' title='bbox 780 3622 884 3677; x_wconf 89' lang='lat' dir='ltr'>natum</span> <span class='ocrx_word' id='word_1_404' title='bbox 898 3632 971 3676; x_wconf 89' lang='lat' dir='ltr'>vero</span> <span class='ocrx_word' id='word_1_405' title='bbox 988 3613 1065 3693; x_wconf 91' lang='lat' dir='ltr'>Cajo</span> <span class='ocrx_word' id='word_1_406' title='bbox 1081 3614 1135 3676; x_wconf 85' lang='lat' dir='ltr'><strong>III.</strong></span> <span class='ocrx_word' id='word_1_407' title='bbox 1151 3611 1231 3687; x_wconf 85' lang='lat' dir='ltr'>Cos,</span> <span class='ocrx_word' id='word_1_408' title='bbox 1250 3631 1340 3693; x_wconf 92' lang='lat' dir='ltr'>repo·</span> 
     </span>
     <span class='ocr_line' id='line_1_39' title="bbox 20 3700 1341 3784; baseline 0.002 -23"><span class='ocrx_word' id='word_1_409' title='bbox 20 3702 81 3763; x_wconf 89' lang='lat' dir='ltr'>itur</span> <span class='ocrx_word' id='word_1_410' title='bbox 98 3703 193 3783; x_wconf 91' lang='lat' dir='ltr'>igitur</span> <span class='ocrx_word' id='word_1_411' title='bbox 214 3703 324 3766; x_wconf 90' lang='lat' dir='ltr'>tertius</span> <span class='ocrx_word' id='word_1_412' title='bbox 341 3702 408 3784; x_wconf 88' lang='lat' dir='ltr'>Caji</span> <span class='ocrx_word' id='word_1_413' title='bbox 425 3706 600 3768; x_wconf 87' lang='lat' dir='ltr'>consulatus</span> <span class='ocrx_word' id='word_1_414' title='bbox 621 3705 652 3766; x_wconf 95' lang='lat' dir='ltr'>in</span> <span class='ocrx_word' id='word_1_415' title='bbox 668 3705 719 3766; x_wconf 88' lang='grc'>40.</span> <span class='ocrx_word' id='word_1_416' title='bbox 735 3723 844 3766; x_wconf 91' lang='lat' dir='ltr'>anuum</span> <span class='ocrx_word' id='word_1_417' title='bbox 867 3722 957 3766; x_wconf 88' lang='lat' dir='ltr'>aerae</span> <span class='ocrx_word' id='word_1_418' title='bbox 979 3711 1112 3777; x_wconf 86' lang='lat' dir='ltr'>nostrae,</span> <span class='ocrx_word' id='word_1_419' title='bbox 1134 3720 1193 3764; x_wconf 94' lang='lat' dir='ltr'>non</span> <span class='ocrx_word' id='word_1_420' title='bbox 1218 3718 1289 3763; x_wconf 88' lang='lat' dir='ltr'>vero</span> <span class='ocrx_word' id='word_1_421' title='bbox 1310 3700 1341 3764; x_wconf 92' lang='lat' dir='ltr'>in</span> 
     </span>
     <span class='ocr_line' id='line_1_40' title="bbox 21 3789 1341 3874; baseline 0 -23"><span class='ocrx_word' id='word_1_422' title='bbox 21 3792 53 3865; x_wconf 75' lang='lat' dir='ltr'>o,</span> <span class='ocrx_word' id='word_1_423' title='bbox 66 3799 100 3854; x_wconf 93' lang='lat' dir='ltr'>ut</span> <span class='ocrx_word' id='word_1_424' title='bbox 115 3792 264 3872; x_wconf 85' lang='lat' dir='ltr'>suspicari</span> <span class='ocrx_word' id='word_1_425' title='bbox 285 3793 352 3855; x_wconf 86' lang='lat' dir='ltr'>vult</span> <span class='ocrx_word' id='word_1_426' title='bbox 366 3795 413 3856; x_wconf 90' lang='lat' dir='ltr'>vir</span> <span class='ocrx_word' id='word_1_427' title='bbox 434 3794 484 3856; x_wconf 89' lang='lat' dir='ltr'>ille</span> <span class='ocrx_word' id='word_1_428' title='bbox 508 3801 645 3874; x_wconf 89' lang='lat' dir='ltr'>tempora</span> <span class='ocrx_word' id='word_1_429' title='bbox 662 3792 827 3857; x_wconf 87' lang='lat' dir='ltr'>Caesarum</span> <span class='ocrx_word' id='word_1_430' title='bbox 848 3793 1041 3856; x_wconf 89' lang='lat' dir='ltr'>contrahens.</span> <span class='ocrx_word' id='word_1_431' title='bbox 1080 3789 1161 3862; x_wconf 84' lang='lat' dir='ltr'>Quid</span> <span class='ocrx_word' id='word_1_432' title='bbox 1183 3791 1281 3853; x_wconf 90' lang='lat' dir='ltr'>dicam</span> <span class='ocrx_word' id='word_1_433' title='bbox 1304 3789 1341 3852; x_wconf 91' lang='lat' dir='ltr'>de</span> 
     </span>
     <span class='ocr_line' id='line_1_41' title="bbox 21 3880 1342 3964; baseline -0.001 -23"><span class='ocrx_word' id='word_1_434' title='bbox 21 3880 77 3942; x_wconf 81' lang='lat' dir='ltr'>eris</span> <span class='ocrx_word' id='word_1_435' title='bbox 92 3880 295 3961; x_wconf 89' lang='lat' dir='ltr'>longioribus,</span> <span class='ocrx_word' id='word_1_436' title='bbox 316 3890 352 3944; x_wconf 93' lang='lat' dir='ltr'>ut</span> <span class='ocrx_word' id='word_1_437' title='bbox 366 3883 403 3945; x_wconf 90' lang='lat' dir='ltr'>de</span> <span class='ocrx_word' id='word_1_438' title='bbox 418 3883 627 3957; x_wconf 80' lang='lat' dir='ltr'>Antiocheno,</span> <span class='ocrx_word' id='word_1_439' title='bbox 650 3883 688 3945; x_wconf 88' lang='lat' dir='ltr'>de</span> <span class='ocrx_word' id='word_1_440' title='bbox 702 3883 869 3964; x_wconf 84' lang='lat' dir='ltr'>Hispanica</span> <span class='ocrx_word' id='word_1_441' title='bbox 888 3890 923 3944; x_wconf 86' lang='lat' dir='ltr'>et</span> <span class='ocrx_word' id='word_1_442' title='bbox 938 3882 975 3944; x_wconf 89' lang='lat' dir='ltr'>de</span> <span class='ocrx_word' id='word_1_443' title='bbox 990 3881 1194 3963; x_wconf 80' lang='lat' dir='ltr'>Aegyptiace,</span> <span class='ocrx_word' id='word_1_444' title='bbox 1218 3897 1342 3961; x_wconf 91' lang='lat' dir='ltr'>quarum</span> 
     </span>
     <span class='ocr_line' id='line_1_42' title="bbox 21 3967 1341 4050; baseline -0.001 -20"><span class='ocrx_word' id='word_1_445' title='bbox 21 3968 53 4031; x_wconf 82' lang='lat' dir='ltr'>lla&#39;</span> <span class='ocrx_word' id='word_1_446' title='bbox 70 3990 91 4031; x_wconf 84' lang='lat' dir='ltr'>a</span> <span class='ocrx_word' id='word_1_447' title='bbox 112 3971 210 4050; x_wconf 86' lang='lat' dir='ltr'>prima</span> <span class='ocrx_word' id='word_1_448' title='bbox 226 3969 408 4034; x_wconf 89' lang='lat' dir='ltr'>Calendarii·</span> <span class='ocrx_word' id='word_1_449' title='bbox 423 3972 627 4047; x_wconf 86' lang='lat' dir='ltr'>ordiuatioue,</span> <span class='ocrx_word' id='word_1_450' title='bbox 649 3972 725 4035; x_wconf 91' lang='lat' dir='ltr'>haec</span> <span class='ocrx_word' id='word_1_451' title='bbox 748 3994 767 4033; x_wconf 93' lang='lat' dir='ltr'>a</span> <span class='ocrx_word' id='word_1_452' title='bbox 787 3972 868 4034; x_wconf 91' lang='lat' dir='ltr'>victo</span> <span class='ocrx_word' id='word_1_453' title='bbox 890 3971 1026 4035; x_wconf 84' lang='lat' dir='ltr'>Antonio</span> <span class='ocrx_word' id='word_1_454' title='bbox 1049 3978 1082 4032; x_wconf 91' lang='lat' dir='ltr'>et</span> <span class='ocrx_word' id='word_1_455' title='bbox 1097 3969 1264 4050; x_wconf 87' lang='lat' dir='ltr'>Cleopatra</span> <span class='ocrx_word' id='word_1_456' title='bbox 1285 3967 1341 4029; x_wconf 92' lang='lat' dir='ltr'>de·</span> 
     </span>
     <span class='ocr_line' id='line_1_43' title="bbox 21 4056 1342 4142; baseline 0 -24"><span class='ocrx_word' id='word_1_457' title='bbox 21 4056 122 4132; x_wconf 87' lang='lat' dir='ltr'>luctae,</span> <span class='ocrx_word' id='word_1_458' title='bbox 145 4059 313 4122; x_wconf 89' lang='lat' dir='ltr'>diutissime</span> <span class='ocrx_word' id='word_1_459' title='bbox 329 4061 449 4123; x_wconf 85' lang='lat' dir='ltr'>fuerunt</span> <span class='ocrx_word' id='word_1_460' title='bbox 468 4062 502 4123; x_wconf 88' lang='lat' dir='ltr'>iu</span> <span class='ocrx_word' id='word_1_461' title='bbox 517 4080 588 4136; x_wconf 89' lang='lat' dir='ltr'>usu,</span> <span class='ocrx_word' id='word_1_462' title='bbox 612 4061 841 4142; x_wconf 80' lang='lat' dir='ltr'>suffulciuutque</span> <span class='ocrx_word' id='word_1_463' title='bbox 855 4060 991 4141; x_wconf 90' lang='lat' dir='ltr'>insignes</span> <span class='ocrx_word' id='word_1_464' title='bbox 1008 4067 1144 4134; x_wconf 88' lang='lat' dir='ltr'>eventus,</span> <span class='ocrx_word' id='word_1_465' title='bbox 1167 4077 1233 4120; x_wconf 90' lang='lat' dir='ltr'>cum</span> <span class='ocrx_word' id='word_1_466' title='bbox 1248 4056 1342 4121; x_wconf 90' lang='lat' dir='ltr'>certis</span> 
     </span>
     <span class='ocr_line' id='line_1_44' title="bbox 21 4146 1342 4231; baseline -0.001 -22"><span class='ocrx_word' id='word_1_467' title='bbox 21 4147 170 4210; x_wconf 79' lang='lat' dir='ltr'>ouantibus</span> <span class='ocrx_word' id='word_1_468' title='bbox 193 4167 362 4223; x_wconf 88' lang='lat' dir='ltr'>connexos,</span> <span class='ocrx_word' id='word_1_469' title='bbox 385 4169 441 4231; x_wconf 92' lang='lat' dir='ltr'>quo</span> <span class='ocrx_word' id='word_1_470' title='bbox 456 4150 552 4213; x_wconf 91' lang='lat' dir='ltr'>minus</span> <span class='ocrx_word' id='word_1_471' title='bbox 567 4149 626 4224; x_wconf 89' lang='lat' dir='ltr'>illi,</span> <span class='ocrx_word' id='word_1_472' title='bbox 648 4158 682 4212; x_wconf 91' lang='lat' dir='ltr'>ut</span> <span class='ocrx_word' id='word_1_473' title='bbox 703 4150 770 4213; x_wconf 91' lang='lat' dir='ltr'>vult</span> <span class='ocrx_word' id='word_1_474' title='bbox 785 4149 1001 4230; x_wconf 90' lang='lat' dir='ltr'>chronologus,</span> <span class='ocrx_word' id='word_1_475' title='bbox 1023 4167 1129 4211; x_wconf 88' lang='lat' dir='ltr'>versus</span> <span class='ocrx_word' id='word_1_476' title='bbox 1150 4166 1207 4210; x_wconf 90' lang='lat' dir='ltr'>nos</span> <span class='ocrx_word' id='word_1_477' title='bbox 1223 4146 1342 4208; x_wconf 90' lang='lat' dir='ltr'>demitti</span> 
     </span>
     <span class='ocr_line' id='line_1_45' title="bbox 21 4237 1342 4318; baseline -0.001 -21"><span class='ocrx_word' id='word_1_478' title='bbox 21 4238 123 4299; x_wconf 86' lang='lat' dir='ltr'>osaint.</span> <span class='ocrx_word' id='word_1_479' title='bbox 168 4238 234 4300; x_wconf 88' lang='lat' dir='ltr'>Nec</span> <span class='ocrx_word' id='word_1_480' title='bbox 249 4248 375 4318; x_wconf 86' lang='lat' dir='ltr'>parvam</span> <span class='ocrx_word' id='word_1_481' title='bbox 390 4240 479 4301; x_wconf 87' lang='lat' dir='ltr'>fidem</span> <span class='ocrx_word' id='word_1_482' title='bbox 495 4239 611 4302; x_wconf 82' lang='lat' dir='ltr'>iaciunt</span> <span class='ocrx_word' id='word_1_483' title='bbox 633 4246 666 4300; x_wconf 93' lang='lat' dir='ltr'>et</span> <span class='ocrx_word' id='word_1_484' title='bbox 681 4240 751 4302; x_wconf 89' lang='lat' dir='ltr'>anni</span> <span class='ocrx_word' id='word_1_485' title='bbox 767 4261 786 4301; x_wconf 89' lang='lat' dir='ltr'>a</span> <span class='ocrx_word' id='word_1_486' title='bbox 801 4239 1026 4313; x_wconf 88' lang='lat' dir='ltr'>Nabonassaro,</span> <span class='ocrx_word' id='word_1_487' title='bbox 1048 4237 1168 4300; x_wconf 89' lang='lat' dir='ltr'>collecti</span> <span class='ocrx_word' id='word_1_488' title='bbox 1183 4255 1238 4316; x_wconf 94' lang='lat' dir='ltr'>per</span> <span class='ocrx_word' id='word_1_489' title='bbox 1252 4253 1342 4315; x_wconf 88' lang='lat' dir='ltr'>reges</span> 
     </span>
     <span class='ocr_line' id='line_1_46' title="bbox 21 4324 1343 4409; baseline -0.001 -22"><span class='ocrx_word' id='word_1_490' title='bbox 21 4325 131 4408; x_wconf 77' lang='lat' dir='ltr'>legypti</span> <span class='ocrx_word' id='word_1_491' title='bbox 147 4345 242 4408; x_wconf 91' lang='lat' dir='ltr'>usque</span> <span class='ocrx_word' id='word_1_492' title='bbox 259 4328 299 4389; x_wconf 89' lang='lat' dir='ltr'>ad</span> <span class='ocrx_word' id='word_1_493' title='bbox 315 4326 512 4409; x_wconf 86' lang='lat' dir='ltr'>Cleopatram</span> <span class='ocrx_word' id='word_1_494' title='bbox 528 4337 560 4390; x_wconf 91' lang='lat' dir='ltr'>et</span> <span class='ocrx_word' id='word_1_495' title='bbox 575 4327 730 4390; x_wconf 88' lang='lat' dir='ltr'>devictam</span> <span class='ocrx_word' id='word_1_496' title='bbox 740 4327 968 4402; x_wconf 85' lang='lat' dir='ltr'>Alexandriam,</span> <span class='ocrx_word' id='word_1_497' title='bbox 984 4346 1058 4408; x_wconf 90' lang='lat' dir='ltr'>quos</span> <span class='ocrx_word' id='word_1_498' title='bbox 1075 4324 1259 4389; x_wconf 89' lang='lat' dir='ltr'>Censorinus</span> <span class='ocrx_word' id='word_1_499' title='bbox 1276 4341 1343 4387; x_wconf 91' lang='lat' dir='ltr'>cum</span> 
     </span>
     <span class='ocr_line' id='line_1_47' title="bbox 21 4413 1340 4502; baseline -0.002 -24"><span class='ocrx_word' id='word_1_500' title='bbox 21 4417 84 4478; x_wconf 93' lang='lat' dir='ltr'>unis</span> <span class='ocrx_word' id='word_1_501' title='bbox 98 4416 240 4491; x_wconf 78' lang='lat' dir='ltr'>dolionis,</span> <span class='ocrx_word' id='word_1_502' title='bbox 261 4416 594 4499; x_wconf 70' lang='lat' dir='ltr'>Actiacis,&#39;&#39;Aegyptiis</span> <span class='ocrx_word' id='word_1_503' title='bbox 616 4417 850 4502; x_wconf 83' lang='lat' dir='ltr'>posterioribus,</span> <span class='ocrx_word' id='word_1_504' title='bbox 873 4434 996 4497; x_wconf 89' lang='lat' dir='ltr'>cumque</span> <span class='ocrx_word' id='word_1_505' title='bbox 1020 4413 1250 4498; x_wconf 80' lang='lat' dir='ltr'>olympiadibus</span> <span class='ocrx_word' id='word_1_506' title='bbox 1267 4432 1340 4475; x_wconf 89' lang='lat' dir='ltr'>cou-</span> 
     </span>
     <span class='ocr_line' id='line_1_48' title="bbox 23 4502 1341 4588; baseline -0.001 -23"><span class='ocrx_word' id='word_1_507' title='bbox 23 4505 186 4569; x_wconf 86' lang='lat' dir='ltr'>exuit·fide</span> <span class='ocrx_word' id='word_1_508' title='bbox 206 4506 385 4568; x_wconf 84' lang='lat' dir='ltr'>certissima</span> <span class='ocrx_word' id='word_1_509' title='bbox 431 4505 645 4588; x_wconf 80' lang='lat' dir='ltr'>superomnia</span> <span class='ocrx_word' id='word_1_510' title='bbox 668 4514 738 4569; x_wconf 91' lang='lat' dir='ltr'>sunt</span> <span class='ocrx_word' id='word_1_511' title='bbox 754 4507 948 4569; x_wconf 88' lang='lat' dir='ltr'>characteres</span> <span class='ocrx_word' id='word_1_512' title='bbox 968 4504 1120 4567; x_wconf 81' lang='lat' dir='ltr'>&#39;coelestes</span> <span class='ocrx_word' id='word_1_513' title='bbox 1139 4502 1341 4566; x_wconf 89' lang='lat' dir='ltr'>immutabiles</span> 
     </span>
     <span class='ocr_line' id='line_1_49' title="bbox 21 4591 1342 4677; baseline -0.003 -20"><span class='ocrx_word' id='word_1_514' title='bbox 21 4596 237 4659; x_wconf 84' lang='lat' dir='ltr'>tinimitabiles</span> <span class='ocrx_word' id='word_1_515' title='bbox 253 4595 285 4656; x_wconf 90' lang='lat' dir='ltr'>in</span> <span class='ocrx_word' id='word_1_516' title='bbox 301 4615 379 4657; x_wconf 87' lang='lat' dir='ltr'>auno</span> <span class='ocrx_word' id='word_1_517' title='bbox 394 4616 455 4659; x_wconf 93' lang='lat' dir='ltr'>uon</span> <span class='ocrx_word' id='word_1_518' title='bbox 470 4597 608 4677; x_wconf 84' lang='lat' dir='ltr'>genuino.</span> <span class='ocrx_word' id='word_1_519' title='bbox 639 4597 720 4658; x_wconf 90' lang='lat' dir='ltr'>Nam</span> <span class='ocrx_word' id='word_1_520' title='bbox 736 4597 761 4658; x_wconf 90' lang='lat' dir='ltr'>si</span> <span class='ocrx_word' id='word_1_521' title='bbox 778 4597 814 4658; x_wconf 89' lang='lat' dir='ltr'>de</span> <span class='ocrx_word' id='word_1_522' title='bbox 824 4594 948 4672; x_wconf 84' lang='lat' dir='ltr'>Trajaui</span> <span class='ocrx_word' id='word_1_523' title='bbox 962 4594 1049 4656; x_wconf 92' lang='lat' dir='ltr'>initio</span> <span class='ocrx_word' id='word_1_524' title='bbox 1065 4593 1197 4656; x_wconf 91' lang='lat' dir='ltr'>dubitari</span> <span class='ocrx_word' id='word_1_525' title='bbox 1213 4591 1342 4672; x_wconf 85' lang='lat' dir='ltr'>amplius</span> 
     </span>
     <span class='ocr_line' id='line_1_50' title="bbox 22 4680 1341 4768; baseline -0.003 -22"><span class='ocrx_word' id='word_1_526' title='bbox 22 4703 53 4747; x_wconf 91' lang='lat' dir='ltr'>ou</span> <span class='ocrx_word' id='word_1_527' title='bbox 68 4686 162 4748; x_wconf 87' lang='lat' dir='ltr'>dehet</span> <span class='ocrx_word' id='word_1_528' title='bbox 177 4691 305 4766; x_wconf 89' lang='lat' dir='ltr'>propter</span> <span class='ocrx_word' id='word_1_529' title='bbox 319 4684 557 4764; x_wconf 88' lang='lat' dir='ltr'>conjunctionem</span> <span class='ocrx_word' id='word_1_530' title='bbox 572 4683 677 4747; x_wconf 88' lang='lat' dir='ltr'>Lunae</span> <span class='ocrx_word' id='word_1_531' title='bbox 701 4693 734 4748; x_wconf 89' lang='lat' dir='ltr'>et</span> <span class='ocrx_word' id='word_1_532' title='bbox 748 4685 859 4768; x_wconf 81' lang='lat' dir='ltr'>Spirae</span> <span class='ocrx_word' id='word_1_533' title='bbox 874 4683 1026 4764; x_wconf 90' lang='lat' dir='ltr'>Virginis,</span> <span class='ocrx_word' id='word_1_534' title='bbox 1048 4702 1100 4745; x_wconf 91' lang='lat' dir='ltr'>cur</span> <span class='ocrx_word' id='word_1_535' title='bbox 1116 4683 1153 4744; x_wconf 90' lang='lat' dir='ltr'>de</span> <span class='ocrx_word' id='word_1_536' title='bbox 1169 4680 1341 4745; x_wconf 89' lang='lat' dir='ltr'>consulibus</span> 
     </span>
     <span class='ocr_line' id='line_1_51' title="bbox 22 4769 1341 4858; baseline -0.005 -19"><span class='ocrx_word' id='word_1_537' title='bbox 22 4775 142 4858; x_wconf 88' lang='lat' dir='ltr'>ipsanio</span> <span class='ocrx_word' id='word_1_538' title='bbox 166 4782 201 4837; x_wconf 91' lang='lat' dir='ltr'>et</span> <span class='ocrx_word' id='word_1_539' title='bbox 214 4773 344 4837; x_wconf 87' lang='lat' dir='ltr'>Fonteio</span> <span class='ocrx_word' id='word_1_540' title='bbox 361 4773 563 4849; x_wconf 88' lang='lat' dir='ltr'>dubitaretur,</span> <span class='ocrx_word' id='word_1_541' title='bbox 586 4774 635 4856; x_wconf 93' lang='lat' dir='ltr'>qui</span> <span class='ocrx_word' id='word_1_542' title='bbox 650 4775 754 4858; x_wconf 88' lang='lat' dir='ltr'>eclipsi</span> <span class='ocrx_word' id='word_1_543' title='bbox 771 4774 853 4839; x_wconf 89' lang='lat' dir='ltr'>Solis</span> <span class='ocrx_word' id='word_1_544' title='bbox 862 4773 999 4837; x_wconf 87' lang='lat' dir='ltr'>maxima</span> <span class='ocrx_word' id='word_1_545' title='bbox 1014 4772 1128 4854; x_wconf 87' lang='lat' dir='ltr'>signati</span> <span class='ocrx_word' id='word_1_546' title='bbox 1143 4770 1259 4835; x_wconf 90' lang='lat' dir='ltr'>suntin</span> <span class='ocrx_word' id='word_1_547' title='bbox 1273 4769 1341 4853; x_wconf 92' lang='lat' dir='ltr'>ipso</span> 
     </span>
    </p>
   </div>
   <div class='ocr_carea' id='block_1_5' title="bbox 0 0 1560 5474">
    <p class='ocr_par' dir='ltr' id='par_1_6' title="bbox 0 0 1560 5474">
     <span class='ocr_line' id='line_1_52' title="bbox 0 0 1560 5474; baseline 0 0"><span class='ocrx_word' id='word_1_548' title='bbox 0 0 1560 5474; x_wconf 95' lang='lat' dir='ltr'> </span> 
     </span>
    </p>
   </div>
  </div>
 </body>
</html>
