3112 5474
493 281 656 351 caputVIIL
691 284 797 338 Herodis
808 298 857 337 res.
1283 267 1349 337 307

30 421 330 507 meincleopasram
338 425 476 509 Aegypti
492 428 629 509 reginam
644 427 730 510 eique
746 429 908 492 adamatae
918 428 1050 511 turpiter
1066 429 1226 506 serviisse;
1250 430 1348 493 altero

30 513 108 576 leiude
123 533 204 577 anno
220 515 345 597 Syriam
360 535 533 597 occupasse
549 518 694 581 Parthos.
723 519 810 581 Haeo
826 518 870 581 sio
884 518 1029 589 Romani:
1061 517 1226 582 Caesarem
1249 538 1352 600 pugna

30 602 170 684 hdrpprca
179 606 414 668 revertentem
405 625 437 668 ru
454 606 576 668 Italiam
592 624 671 670 auno
687 608 718 669 4
733 607 794 670 Jul.
809 608 931 675 morbus
954 613 1004 670 est
1018 616 1203 683 remoratus;
1228 608 1351 671 tandem

30 698 129 753 bmam
151 693 238 755 venit
257 694 380 756 consule
402 695 502 758 Lucio
517 697 646 758 Antonii
668 697 779 770 fratre,
800 696 859 759 hoc
875 703 924 758 est
945 696 1070 759 aunob.
1105 697 1171 761 Nec
1184 697 1237 762 diu
1252 698 1351 772 stetit,

30 798 65 842 tm
79 781 192 843 Fulvia
205 801 285 844 uxor
298 783 428 848 Antonii
453 784 615 866 consulque
630 785 742 848 Lucius
764 784 931 848 Caesarem
950 784 1054 849 multis
1078 786 1351 850 obtrectationibus

30 877 144 932 ratum
160 871 287 952 denique
314 873 436 935 hostem
453 874 598 955 feceruut
633 874 712 938 Belli
735 881 902 954 apparatus
925 882 994 937 tota
1008 874 1101 937 Italia
1122 893 1177 954 per
1200 884 1351 938 aestatem
1400 872 1407 881 ’

30 976 95 1032 ere,
123 959 253 1023 Antonii
273 970 380 1024 contra
396 961 567 1025 Caesarem
584 980 622 1024 ex
641 961 752 1026 Galliis
766 963 911 1026 advocati
932 964 1084 1029 exercitus
1106 963 1180 1026 duce
1195 964 1351 1039 Ventidio,

30 1066 66 1109 un
79 1048 205 1111 interim
218 1049 373 1112 Antonius
394 1050 425 1113 in
440 1052 601 1133 Aegypto,
624 1069 764 1133 quorsum
778 1052 858 1116 Asia
882 1052 1071 1134 depraedata
1092 1071 1159 1115 cum
1183 1052 1350 1132 Cleopatra

30 1135 104 1216 gina
120 1156 159 1199 ex
175 1136 284 1202 Cilicia
299 1138 357 1201 fine
375 1140 445 1202 anui
461 1141 491 1203 4.
508 1140 724 1216 descenderat,
747 1160 848 1204 amore
863 1141 1027 1222 implicitus
1043 1142 1180 1223 quiescit,
1202 1142 1275 1204 nihil
1292 1142 1349 1204 ad-

30 1226 69 1287 tis
92 1227 258 1307 provinciis
280 1226 373 1309 Syria
395 1237 427 1292 et
447 1228 539 1304 Asia,
567 1247 643 1311 quas
665 1230 774 1293 Parthi
801 1230 987 1294 invaserant
1038 1232 1186 1312 Tempore
1216 1230 1350 1294 autumni

30 1333 115 1377 cesar
136 1316 282 1378 Perusiae
305 1315 432 1381 Lucium
455 1319 623 1393 concludit,
649 1319 700 1382 ubi
720 1319 819 1381 dum
810 1339 838 1382 rs
861 1320 1032 1395 obsidetur,
1052 1320 1168 1383 Fulvia
1181 1320 1350 1425 Antonium
1400 1397 1403 1404 Ι

30 1404 137 1466 tritum
151 1424 207 1486 per
221 1405 328 1468 literas
343 1426 382 1468 ex
395 1408 541 1490 Aegypto
556 1409 671 1471 vocat
662 1428 694 1470 ιι
709 1408 840 1471 Italiam.
1359 1483 1362 1488 y

82 1493 132 1556 De
148 1494 238 1558 rebus
253 1495 460 1559 Parthorum
452 1517 482 1560 m
496 1497 617 1560 Judaea
632 1497 729 1579 gestis
744 1516 863 1565 rursum
877 1497 1013 1578 Josepho
1029 1480 1097 1559 cum
1110 1497 1257 1561 Romanis
1274 1514 1348 1560 cou-

30 1582 80 1645 nit
103 1584 308 1646 exactissime.
354 1584 485 1649 (laesum
507 1585 634 1649 Antonii
662 1587 796 1667 legatum
817 1585 933 1649 Saxam
965 1581 1044 1667 (Jos.
1072 1581 1201 1666 Seram)
1225 1585 1349 1648 Didium

44 1671 226 1736 Palaestina
241 1674 385 1755 Hyrcano
408 1675 547 1756 deposito
563 1675 695 1742 Parthos
711 1676 899 1757 Antigonum
922 1694 1025 1755 regem
1047 1675 1170 1737 fecisse:
1193 1675 1348 1756 Josephus

30 1766 50 1835 t,
73 1768 226 1843 occupata
239 1760 431 1844 Jeroeolyma
445 1771 625 1845 pentecoste
640 1772 781 1845 receptos
797 1764 986 1827 Ptolemaide
1002 1771 1035 1826 et
1056 1762 1184 1838 Sidone,
1207 1764 1348 1826 exclusos
1446 1756 1449 1775 ⁴

30 1868 85 1924 ιιι.
116 1851 224 1913 Multis
240 1852 348 1915 deinde
363 1853 546 1916 Parthorum
561 1853 733 1917 etHerodis
748 1854 919 1916 actionibus
937 1852 1346 1934 profectionibusqueinter-

30 1938 113 2014 sitis,
128 1947 161 2001 et
175 1940 298 2004 Malcho
313 1942 449 2005 Arabiae
465 1961 537 2025 rege
552 1943 667 2006 frustra
683 1943 721 2005 de
737 1943 856 2006 auxiliis
872 1951 991 2023 rogato,
1009 1942 1089 2023 quod
1103 1941 1242 2004 studeret
1257 1941 1348 2004 rebus

30 2028 149 2091 inthicis
165 2025 636 2110 (quibusrsbusconsencaneum
651 2038 709 2107 est,
725 2032 796 2096 anni
811 2031 1073 2114 quintireliqnum,
1089 2049 1210 2094 menses
1226 2030 1348 2093 circiter

30 2125 85 2181 aut
106 2116 130 2180 8
151 2114 344 2202 transactos)
366 2121 520 2183 Herodem
542 2120 656 2202 fugisse
681 2121 713 2184 in
735 2121 919 2203 Aegyptum.
957 2119 1010 2182 Sic
1033 2127 1067 2183 et
1087 2120 1125 2182 de
1149 2119 1346 2200 provectione

30 2206 121 2287 utonii
142 2209 294 2271 convenit.
337 2209 492 2273 Antonius
507 2210 630 2274 ineunte
654 2229 736 2274 anno
749 2209 804 2273 VI.
819 2211 932 2292 Tyrum
954 2205 1127 2290 navigavit,
1151 2208 1238 2290 quasi
1252 2207 1347 2271 resti·

30 2314 79 2357 rus
101 2295 243 2372 Parthis;
276 2299 383 2380 itaque
404 2299 557 2380 Josephus
580 2299 639 2362 ait:
671 2299 826 2364 Herodem
853 2317 914 2362 nou
938 2299 1091 2362 invenisse
1117 2297 1286 2360 Antonium
1316 2296 1347 2363 in

30 2391 147 2466 egypto.
176 2387 228 2449 Ad
244 2388 356 2469 Tyrum
373 2387 452 2450 euim
468 2389 621 2451 Antonius
638 2388 775 2469 acceptis
790 2389 893 2451 uxoris
908 2387 1034 2451 Fuluiae
1048 2386 1155 2462 literis,
1171 2405 1238 2449 oum
1252 2405 1346 2466 prae-

30 2492 79 2536 rea
93 2474 191 2556 impar
206 2484 291 2539 esset
306 2475 415 2558 Syriae
430 2477 620 2553 liberandae,
643 2477 901 2558 circumnavigata
916 2477 994 2563 Asia
1009 2475 1144 2556 perrexit
1164 2475 1195 2537 in
1215 2476 1347 2538 Italiam.

30 2581 58 2624 >c
79 2563 111 2625 in
126 2563 236 2627 itinere
259 2565 376 2628 audivit
391 2566 428 2629 de
443 2567 574 2647 Perusia
594 2566 713 2641 dedita,
736 2566 815 2647 quod
831 2568 944 2629 factum
966 2572 1038 2646 post
1055 2563 1120 2628 Cal.
1135 2564 1204 2626 Jan.
1221 2565 1293 2636 anui
1309 2564 1346 2639 6;

31 2651 98 2714 ibus
121 2652 234 2716 deditis
256 2653 375 2718 Caesar
395 2655 529 2720 excurrit
549 2656 581 2718 iu
604 2654 738 2729 Gallias,
766 2662 802 2717 ut
823 2663 859 2717 et
876 2655 1030 2734 Josephus
1052 2659 1167 2716 narrat
1211 2653 1346 2716 Athenis

30 2740 148 2809 utonius
164 2742 287 2805 obviam
302 2743 557 2822 habuitFulyiam
573 2762 639 2807 cum
648 2744 804 2819 Ventidio,
820 2743 972 2824 fugientes
988 2741 1129 2825 exitalia
1144 2747 1222 2822 post·
1232 2742 1346 2804 factam

31 2829 186 2892 ditionem.
218 2829 386 2896 Caesarem
402 2833 495 2914 igitur
509 2825 630 2896 hostem
646 2834 727 2908 fecit,
743 2840 776 2895 et
790 2841 877 2911 recta
892 2833 1043 2912 navigans
1058 2830 1090 2893 in
1104 2830 1227 2893 Italiam
1241 2831 1345 2894 Bruu-

30 2918 109 2980 sium
124 2919 254 2982 obsedit
285 2922 393 3004 Itaque
408 2922 561 3004 Josephus
578 2922 638 2997 ait,
661 2941 722 3007 quo
734 2922 874 2985 Herodes
891 2928 1027 3001 tempore
1045 2918 1085 2981 ad
1101 2917 1299 2999 Cleopatram
1314 2919 1346 2981 in

30 3015 166 3109 egyptum
189 3009 290 3085 venit,
313 3011 518 3075 turbulentum
540 3011 601 3075 illis
619 3011 732 3074 Italiae,
746 3017 861 3076 statum
883 3010 1073 3087 nunciatum:
1095 3009 1248 3071 Herodem
1271 3008 1346 3071 nihil

30 3097 90 3158 cius
104 3115 287 3178 properasse
301 3099 334 3162 iu
348 3099 479 3176 Italiam,
501 3100 637 3183 quamvis
652 3100 822 3181 procelloso
833 3099 929 3174 mari,
953 3099 997 3161 sio
1012 3105 1048 3161 ut
1057 3096 1212 3177 jacturam
1228 3098 1346 3159 faceret

39 3184 143 3248 Rhodi
158 3206 267 3260 navem
282 3188 374 3251 aliam
389 3189 573 3252 aedificaret
780 3242 782 3247 .
1335 3218 1336 3221 ¹

81 3275 211 3339 Interim
233 3275 367 3341 Caesare
390 3297 429 3341 ex
452 3278 564 3342 Galliis
585 3296 710 3341 reverso
732 3297 840 3358 pacem
862 3253 979 3339 faciunt
993 3273 1148 3340 Antonius
1172 3282 1204 3336 et
1225 3273 1343 3339 Caesar

30 3363 155 3444 rtitique
177 3365 350 3446 provincias
370 3368 408 3430 de
430 3386 524 3443 novo,
550 3367 704 3430 Antonius
722 3366 888 3431 confestim
910 3364 1008 3434 mittit
1031 3364 1211 3437 Ventidium
1237 3371 1345 3426 contra

30 3452 135 3515 trthos.
181 3453 345 3518 Sioamici
367 3456 441 3518 facti
464 3455 592 3520 Caesar
602 3462 634 3519 et
654 3455 809 3521 Antonius
830 3455 960 3518 Romam
981 3454 1108 3526 veniunt
1131 3454 1212 3516 circa
1237 3452 1344 3532 aequi-

30 3542 121 3603 ctium
138 3561 277 3605 vernum:
300 3544 437 3626 intellige
459 3546 550 3627 paulo
573 3552 653 3608 ante.
699 3546 806 3625 ltaque
821 3543 974 3623 Josephus
990 3542 1144 3615 Herodem
1167 3541 1213 3604 ait
1228 3541 1259 3602 in
1275 3542 1343 3603 Ita-

30 3648 62 3691 mr
84 3631 223 3707 venisse,
245 3633 388 3712 oumJ'am
410 3635 596 3715 praemissus
611 3641 697 3696 esset
708 3628 874 3698 Ventidius
896 3640 1005 3695 contra
1019 3632 1155 3694 Parthos
1177 3638 1210 3691 et
1226 3628 1345 3693 Caesar

30 3720 207 3800 utouiusqne
219 3719 337 3786 Romae
354 3723 449 3785 amice
465 3724 622 3827 degerent
801 3780 802 3785 ,

80 3808 117 3870 In
133 3809 333 3889 dispositione
348 3812 570 3892 provinciarum
586 3812 691 3875 similis
709 3828 883 3874 cousensus.
907 3807 1061 3873 Antonius
1077 3808 1157 3870 enim
1171 3806 1345 3887 provincias

30 3917 59 3958 rs
74 3897 189 3977 partim
204 3898 318 3980 legatis
339 3900 452 3980 partim
468 3901 590 3981 regibus
605 3900 775 3964 tributariis
797 3898 967 3972 distribuit,
990 3897 1071 3960 iuter
1094 3903 1214 3958 ceteros
1228 3894 1344 3958 Herodi

30 4005 162 4048 unimam
184 3994 218 4049 et
233 3987 419 4063 Samariam,
442 3998 551 4053 senatu
574 3997 646 4053 acta
668 3989 763 4070 ipsius
785 3995 855 4050 rata
876 3987 1019 4050 habente.
1058 3984 1110 4049 Sic
1133 3983 1279 4059 Romani3
1312 3992 1344 4062 et

30 4075 155 4155 aephus:
179 4076 332 4140 Herodem
353 4095 496 4142 narrasse
510 4078 646 4142 Antonio
663 4087 755 4159 gesta
770 4077 886 4159 aliquot
900 4076 1047 4139 meusium
1070 4073 1101 4136 in
1117 4072 1253 4135 interiori
1266 4088 1343 4153 pro-

30 4164 99 4238 rcia,
122 4171 155 4226 et
170 4166 320 4244 profuisse
334 4168 449 4230 Herodi
466 4168 506 4230 ad
520 4186 655 4272 regnum,
670 4166 751 4247 quod
762 4166 850 4228 utilis
867 4165 1018 4229 diceretur
1033 4164 1152 4225 futurus
1167 4162 1246 4225 bello
1262 4162 1342 4228 Par-

30 4252 86 4341 ico,
108 4260 141 4315 et
157 4253 323 4317 Caesarem
345 4275 461 4338 quoque
484 4257 515 4319 in
538 4256 669 4337 gratiam
684 4253 845 4319 Antonii
830 4255 948 4335 Juvisse
971 4252 1124 4315 Herodem
1148 4257 1180 4313 et
1203 4258 1342 4313 senatum

30 4359 78 4419 per
100 4341 165 4422 ejus
189 4345 311 4423 negotio
333 4354 547 4420 convocatum
579 4353 670 4428 atque
690 4345 768 4407 haec
790 4346 875 4409 facta
892 4342 1020 4407 Calvino
1044 4349 1078 4403 ot
1092 4339 1230 4402 Pollione
1254 4338 1341 4402 Coss.
1397 4336 1408 4389 .'

30 4430 172 4511 lympiade
187 4431 256 4507 184,
271 4433 302 4495 id
319 4442 368 4496 est
382 4435 485 4537 primo
495 4435 665 4516 quadrante
681 4432 793 4521 auni6‚
810 4447 877 4497 oum
892 4438 1013 4494 aestate
1026 4429 1165 4511 sequenti
1176 4435 1341 4508 exspecta-

30 4519 337 4675 illerlfflffis’
262 4522 337 4597 185,
354 4523 438 4602 qu'ns
453 4525 568 4604 primus
585 4543 682 4586 annus
697 4541 780 4586 more
795 4521 923 4586 ludaico
941 4519 1107 4600 incipiebat
1120 4517 1241 4631 Aprili
1237 4532 1341 4579 meuse

78 4696 125 4758 Ex
140 4717 177 4759 eo
192 4705 299 4761 narrat
312 4697 465 4781 Josephus
486 4701 617 4766 reditum
631 4700 793 4765 Herodis
784 4719 815 4762 ru
827 4647 980 4762 iudaeam
1000 4697 1040 4759 ad
1054 4694 1234 4758 Ventidium
1256 4693 1340 4775 ejus·

30 4795 58 4857 pe
83 4792 112 4846 et
133 4784 248 4850 Silonis
279 4807 328 4850 res
353 4797 459 4870 gestas
487 4799 520 4852 et
543 4789 691 4872 quomodo
722 4789 867 4869 pemmias
898 4788 937 4851 ab
962 4786 1119 4868 Antigono
1151 4783 1339 4866 acceperint:

1074 4888 1127 4940 111·
