3142 5476
202 218 245 287 96
453 306 455 311 Α
618 238 719 289 Litana
730 239 834 302 Kaplerl
846 238 1112 309 ahommqnsmntnae
1216 310 1218 314 y

200 382 320 462 placet,
343 399 457 462 paucos
479 400 598 443 menses
620 381 760 462 politicos
783 382 961 444 coincidisse
984 401 1049 444 cnm
1072 382 1263 445 coelestibus
1296 383 1358 445 ·De
1382 401 1421 444 ea
1443 390 1539 443 nmen

201 472 280 533 infra
294 471 390 550 plura
405 504 450 514 -
474 464 529 550 12)
547 468 646 540 Quam
665 463 933 549 vero‘rrnvcsiqror
955 491 993 533 ax
1012 470 1177 558 Plutarcho
1199 471 1291 545 citas,
1313 471 1540 534 Boedromionis

201 582 316 638 uspury
340 565 508 637 φθινονιος,
520 559 640 622 victore
657 559 791 622 Chabria
809 560 985 636 adNaxum,
1002 561 1147 643 quamvis,
1162 560 1241 641 quod
1256 560 1327 623 inde
1342 561 1467 641 probas,
1482 561 1540 640 ipse

202 669 262 711 non
287 667 380 729 nego,
408 649 498 709 velim
520 649 676 711 tamenin
701 651 860 712 emendato
885 651 1049 712 Plutarcho
1078 656 1254 712 contextum
1274 650 1423 730 requiras
1468 649 1542 711 Nau

200 738 277 800 illud
292 737 324 800 dn
338 740 525 824 πανσεληνῳ,
548 739 748 818 εεῂιιιοιιιιιιε
764 738 915 818 Chabriae
930 740 1074 813 victoria,
1096 758 1206 800 novum
1222 740 1400 820 auspicatur
1415 756 1541 811 comma;

201 828 383 907 videturque
407 826 485 888 diem
506 828 619 889 mensis
639 827 766 907 politica
788 829 1030 906 denominatione
1060 828 1195 908 signare,
1224 847 1284 889 non
1306 827 1387 890 diem
1403 827 1540 889 coelestis

201 915 354 978 novilunii.
369 947 415 959 -
441 911 497 996 13)
523 916 714 997 Thucydides
730 936 847 978 rursum
870 917 901 979 id
926 917 1015 992 dicit,
1029 918 1119 998 'quod
1142 924 1269 998 uterque
1295 917 1463 998 sequimur:
1487 935 1540 978 non

200 1024 305 1067 omnes
321 1027 473 1083 aronnaco
489 1005 630 1085 politicas
644 1005 676 1067 in
692 1010 862 1084 σεληνιακας
877 1006 1137 1086 competiisse.·-
1151 1000 1361 1085 'l4)·Metonis
1377 1005 1539 1087 principale

199 1094 381 1156 novilunium
397 1112 434 1155 ex
448 1094 575 1157 Diodori
591 1095 701 1157 indicio
718 1095 824 1157 eadem
839 1096 956 1157 ratione
972 1103 1068 1157 tueor.
1104 1094 1227 1156 Etenim
1246 1095 1333 1159 anuis
1354 1094 1442 1158 CLII
1458 1095 1538 1157 novi·

105 1206 107 1209 ·
197 1183 280 1246 lunia
296 1182 371 1245 coeli
385 1201 440 1263 per
455 1202 558 1245 omues
575 1183 639 1245 dies
655 1185 767 1246 mensis
781 1184 897 1264 politici
913 1184 1070 1247 ambulant
1085 1184 1123 1246 ob
1140 1184 1291 1246 defectum
1305 1184 1441 1265 periodi:
1457 1185 1538 1246 aunis

198 1272 241 1334 38
256 1290 373 1334 rursum
388 1272 488 1353 aliqua
503 1272 655 1335 novilunia
670 1273 701 1334 in
718 1273 861 1337 Calendis
876 1273 1010 1347 veniunt,
1025 1272 1095 1354 qnia
1109 1292 1169 1335 una
1185 1273 1301 1354 quadra
1315 1273 1486 1336 intercidit.
1500 1306 1538 1344 7-

108 1421 112 1426 ,
198 1356 256 1441 Ι16)
271 1362 342 1423 Jam
356 1380 412 1441 per
426 1380 530 1424 omnes
546 1381 642 1424 annos
658 1363 854 1425 octabteridis
871 1363 1029 1424 coufirmat
1048 1369 1080 1424 et
1099 1362 1275 1424 manuducit
1294 1382 1395 1424 meam
1415 1363 1537 1425 forman

197 1450 268 1511 anni
282 1451 382 1513 Attici
404 1452 571 1531 exemplum
588 1451 785 1514 ordinationis
800 1451 957 1514 Romanae
978 1470 1033 1532 per
1047 1452 1177 1514 Numam
1201 1452 1412 1526 introductae3
1436 1453 1469 1514 in
1485 1473 1538 1534 qua

198 1536 288 1619 plan'e
304 1540 380 1602 haec
396 1541 506 1614 forma,
528 1540 586 1602 nisi
602 1542 681 1622 qnod
702 1560 740 1603 ex
761 1541 968 1621 dogmatibus,
989 1560 1067 1622 quae
1089 1550 1199 1621 postea
1214 1541 1427 1622 Pythagorica
1450 1535 1536 1615 dicta

195 1628 303 1709 impari
319 1648 440 1692 numero
457 1629 603 1692 tributum
618 1631 672 1691 ais.
709 1629 807 1709 Hujus
823 1629 992 1711 argumenti
1006 1648 1118 1710 magna
1132 1630 1180 1691 vis
1197 1637 1254 1691 ast
1290 1631 1393 1693 Numa
1408 1628 1535 1710 Magnae

157 1732 159 1741 ·
198 1716 346 1781 Graeciae
361 1718 440 1780 hunc
462 1737 575 1781 morem
597 1719 689 1781 fnisse
713 1719 790 1780 satis
813 1721 914 1800 arguit
935 1726 1056 1782 centum
1077 1719 1164 1780 annis
1188 1726 1260 1781 ante
1275 1719 1489 1800 Pythagoram
1509 1726 1536 1781 et

197 1806 348 1871 Solonem.
379 1806 508 1869 Omnino
523 1807 616 1888 igitur
631 1816 881 1883 consentaneum,
896 1810 1036 1882 formam,
1056 1827 1133 1889 quae
1150 1808 1297 1870 Herodoti
1314 1816 1421 1870 aetate
1438 1808 1535 1870 firitin

197 1894 328 1958 Graecia
351 1904 383 1958 et
402 1915 478 1977 quae
493 1897 611 1959 Numae
627 1904 730 1959 aetate
753 1897 784 1959 in
798 1897 906 1972 Italia,
929 1897 1067 1960 ducentis
1089 1897 1176 1959 aunis
1200 1904 1287 1972 aute,
1308 1898 1447 1977 proxime
1473 1916 1534 1959 esse

197 1986 332 2049 eandem.
347 2018 391 2028 —
409 1981 464 2066 16)
482 1985 695 2065 Conjecturam
711 1985 801 2048 aliam
816 1987 1064 2049 tibicensendam
1073 2004 1218 2067 propono.
1244 1984 1278 2048 Si
1287 1987 1534 2049 Hecatombaeon

195 2082 266 2156 post
278 2074 452 2137 solstitium
473 2074 594 2153 incipit,
616 2083 688 2137 tnnc
709 2075 939 2138 Boedromiouis
960 2071 978 2153 ἡ
1000 2077 1079 2146 elnae
1101 2075 1185 2137 cadit
1205 2075 1340 2155 proxime
1363 2075 1534 2138 autumnale

159 2202 161 2210 »
196 2164 425 2246 aequinoctium.
469 2164 617 2245 Equidem
639 2183 705 2227 cum
726 2164 909 2228 Plutarchus
930 2183 1062 2244 pugnam
1075 2165 1124 2226 ‘ad
1146 2162 1337 2244 Gaugamela
1361 2186 1444 2228 anno
1468 2171 1534 2227 autc

197 2252 351 2317 Christum
366 2253 440 2315 331.
462 2253 556 2315 refert
569 2253 601 2315 in
617 2275 746 2330 rcapncqr
768 2259 927 2336 qdrronoc
942 2255 1185 2334 Boqdponronroc,
1202 2261 1233 2314 et
1248 2261 1320 2316 ante
1335 2254 1417 2317 huuc
1434 2255 1534 2317 diebus

194 2342 333 2404 undecim
348 2342 473 2422 eclipsin
488 2342 609 2417 Lunae,
632 2361 707 2423 quae
729 2343 761 2404 in
781 2337 881 2427 23οἸΒ
900 2348 930 2416 i(
950 2344 1082 2406 incidere
1106 2342 1353 2423 deprehenditurr
1378 2351 1452 2424 post
1475 2345 1534 2406 dies

194 2432 287 2515 igitur
303 2440 420 2512 septem
436 2430 490 2494 Sol
505 2432 590 2493 venit
610 2431 642 2494 in
658 2427 696 2494 0⁰
719 2441 766 2498 a:
780 2432 868 2512 deasq
892 2436 1060 2512 qdoonoc,
1076 2451 1152 2514 quae
1167 2454 1201 2511 τῃ
1218 2433 1309 2494 circada
1324 2433 1446 2495 omnino
1462 2452 1532 2514 pro·

192 2521 284 2584 xima.
314 2521 412 2602 Igitur
433 2520 655 2603 aequinoctium
677 2521 742 2584 dies
757 2521 980 2603 Mysteriomm.
1016 2522 1111 2584 Utere
1133 2522 1230 2584 forma
1251 2541 1319 2584 mea
1335 2523 1407 2584 anni
1422 2523 1533 2588 Attici:

195 2618 304 2673 exacto
320 2611 413 2691 igitur
428 2629 507 2672 anno
523 2617 640 2691 quarto,
657 2630 710 2672 seu
725 2611 844 2673 modulo
861 2611 1048 2693 quadriennii
1062 2610 1175 2673 Juliani
1191 2611 1306 2672 diemm
1323 2610 1406 2674 1461
1426 2606 1444 2690 ἡ
1460 2614 1534 2682 abac

194 2719 311 2763 mrsum
327 2699 451 2762 exhibet
466 2699 592 2761 eundem
609 2699 699 2761 sitnm
714 2698 796 2763 Solis
811 2701 842 2762 in
857 2700 991 2774 zodiaco,
1011 2699 1232 2780 aequinoctium
1246 2719 1361 2780 nempe.
1407 2701 1535 2764 Faciunt

96 2802 98 2807 ’
193 2790 224 2853 id
240 2789 359 2872 quidem
374 2796 407 2850 et
421 2789 543 2851 biennia
557 2789 629 2863 fere,
645 2807 711 2850 oum
727 2789 898 2851 differentia
913 2797 1016 2851 tamen
1030 2788 1118 2850 unius
1134 2788 1206 2863 diei,
1229 2788 1278 2870 qui
1293 2796 1365 2870 post
1380 2789 1534 2871 periodum

195 2897 340 2941 annorum
363 2885 492 2960 quatuor
514 2886 734 2957 compensatur.
780 2877 815 2942 Si
844 2895 915 2961 ergo
938 2879 1168 2959 Boqdqoprorroc
1193 2878 1285 2940 cinnor
1308 2879 1534 2961 quadriennalis

194 2965 278 3031 luere
293 2967 453 3049 mysteria,
477 2967 606 3047 suspicio
624 2976 673 3029 est
688 2967 725 3027 de
741 2966 932 3041 intercalari,
953 2975 988 3029 ut
1002 2966 1091 3048 hujus
1111 2967 1255 3032 memoria
1274 2966 1432 3046 religionis
1446 2968 1534 3031 fcerit

195 3078 297 3120 causa.
341 3056 454 3120 Annon
476 3056 534 3119 hoc
552 3056 626 3118 illud
649 3075 806 3129 arcanum,
828 3056 909 3136 quod
922 3063 1042 3138 mystae
1065 3055 1185 3117 silentio
1201 3056 1430 3136 religiosissimo
1446 3064 1532 3139 tego·
1557 3126 1561 3132 ,

192 3147 288 3210 bant?
330 3146 421 3208 Facit
441 3146 515 3219 huc,
537 3146 616 3226 quod
640 3144 792 3219 ostendis,
810 3145 1001 3208 Elidensium
1020 3143 1192 3224 Elaphiona
1214 3145 1295 3207 droa
1322 3144 1371 3208 19.
1392 3146 1532 3210 habuisse

192 3246 317 3298 vernum
333 3235 563 3316 aequinoctium.
606 3233 650 3295 Et
665 3233 713 3295 hic
730 3233 854 3314 subjicio
870 3234 927 3297 tibi
942 3235 1091 3297 rationem
1112 3233 1226 3296 ordinis
1242 3234 1355 3296 diemm
1370 3257 1391 3297 a
1406 3255 1454 3298 me
1471 3236 1533 3299 sola

193 3325 363 3406 suspicione
379 3331 565 3403 conceptam,
580 3330 616 3385 ut
631 3323 668 3384 de
690 3341 728 3383 ea
745 3323 878 3402 judices:
902 3322 998 3402 ἐιατη,
1013 3322 1138 3398 annana,
1154 3324 1243 3396 sinac,
1258 3344 1414 3403 μυστηρια,
1430 3331 1533 3404 rann

192 3419 360 3492 qdaronca
397 3412 441 3474 Ut
457 3433 475 3474 a
490 3431 618 3491 vespera
633 3434 683 3490 της
698 3412 813 3483 claudor
835 3412 1003 3493 inciperent
1022 3413 1183 3494 mysteria,
1207 3413 1371 3477 succedens
1392 3414 1459 3477 dies
1480 3414 1532 3477 sub

192 3503 311 3566 nomine
325 3502 538 3584 mysteriorum
552 3501 707 3576 transiret,
721 3501 752 3563 in
768 3502 950 3564 numerando
967 3521 1039 3572 vero
1060 3501 1315 3576 dissimularetur,
1339 3509 1372 3564 et
1385 3503 1434 3566 ita
1447 3513 1532 3567 uter·

192 3612 249 3676 que
267 3592 379 3655 mensis
394 3590 554 3675 ἐμβολιμος
575 3598 659 3652 esset
677 3590 791 3653 dierum
808 3593 859 3652 22.
885 3590 965 3653 Erat
980 3591 1099 3672 quidem
1113 3590 1294 3654 Boddromio
1309 3610 1364 3671 per
1380 3612 1415 3655 se
1431 3596 1533 3668 cavus,

193 3682 264 3764 quia
284 3703 365 3760 τριτη
387 3676 549 3756 losannae
570 3680 662 3742 solita
684 3687 732 3742 est
754 3680 867 3742 omitti:
898 3699 957 3742 non
979 3680 1079 3760 potuit
1100 3679 1194 3761 igitur
1213 3674 1351 3759 ἡόικατη
1373 3686 1533 3760 φθινοπος

192 3771 291 3834 omitti
313 3769 400 3832 simul
422 3777 455 3831 et
476 3769 611 3831 accessio
633 3769 693 3831 diei
712 3770 927 3850 Mysteriomm
947 3769 1028 3832 inter
1049 3769 1151 3830 οἰκαὸα
1174 3777 1207 3831 et
1228 3774 1349 3847 tranans
1370 3776 1531 3850 qdcronoa

197 3876 411 3942 compensasse
434 3858 555 3920 videtur
581 3858 669 3920 ‘illam
696 3858 898 3921 exemtionem
921 3880 971 3937 της
995 3880 1106 3937 τριτης,
1140 3865 1175 3920 ut
1199 3858 1243 3920 sic
1274 3876 1311 3919 ex
1341 3878 1416 3921 cavo
1447 3863 1532 3924 fieret

191 3951 306 4030 plenus.
330 3982 374 3992 —
398 3942 454 4029 17)
479 3949 594 4026 Magna
615 3947 687 4009 mihi
709 3948 744 4008 fit
772 3946 908 4009 accessio
938 3948 977 4010 ab
999 3947 1240 4028 Harpocratione
1270 3954 1331 4010 tuo.
1377 3946 1438 4020 Qui
1468 3970 1532 4013 cum

190 4039 369 4122 Prytaniam
390 4037 529 4099 definiret
548 4036 716 4116 promiscue
739 4034 1044 4099 acceleraturum:
1069 4044 1103 4098 tu
1125 4056 1249 4099 causam
1270 4037 1396 4099 alterius
1418 4040 1532 4102 numeri

192 4130 297 4203 affers,
319 4127 399 4210 quod
421 4127 513 4188 semel
534 4125 728 4187 intraanuos
745 4133 814 4187 octo
830 4124 1035 4206 contingeret,
1057 4126 1236 4207 Prytaniam
1256 4145 1315 4188 uno
1338 4127 1386 4189 die
1411 4130 1532 4192 ermari

189 4219 266 4281 Dico
283 4219 348 4293 tibi,
364 4217 389 4278 si
404 4217 463 4278 hac
479 4215 545 4277 sola
560 4215 624 4276 vice
641 4223 728 4276 curta
743 4215 942 4277 exhibebatur
956 4215 1113 4296 Prytanis,
1128 4215 1179 4277 vix
1194 4214 1344 4277 rationem
1359 4216 1426 4296 ejus
1441 4218 1531 4282 habi-

190 4315 288 4370 turum
304 4308 396 4370 fuisse
411 4303 691 4387 Harpocraticnem.
720 4305 801 4366 Nam
816 4305 842 4366 si
856 4305 937 4367 inter
953 4311 1074 4367 centum
1082 4302 1247 4385 Prytanias
1263 4305 1412 4368 tricenum
1427 4326 1534 4371 senum

192 4397 306 4461 diemm
320 4417 381 4460 una
395 4396 519 4458 incedat
534 4394 681 4457 tricenum
697 4394 832 4474 quinum:
857 4394 994 4475 equidem
1008 4393 1067 4474 qui,
1083 4393 1153 4474 quid
1168 4393 1211 4456 sit
1224 4394 1382 4475 Prytanis,
1397 4396 1533 4462 breviter

119 4509 123 4519 =
190 4486 257 4548 vult
272 4486 439 4567 explicare,
461 4484 581 4547 unicam
600 4483 683 4545 illam
706 4484 829 4545 brevem
847 4483 995 4564 praeterit
1017 4488 1050 4542 at
1065 4483 1104 4544 ad
1118 4483 1268 4561 potiorem
1283 4485 1410 4566 respicit
1424 4505 1532 4551 nume·

189 4593 263 4638 mm
306 4575 407 4656 Magis
421 4575 523 4655 itaque
539 4573 708 4647 verisimile,
724 4572 767 4634 sic
781 4572 977 4652 interpretari
991 4571 1096 4645 locum,
1111 4571 1289 4652 Prytaniam
1304 4581 1369 4636 tam
1382 4575 1427 4639 36
1444 4596 1534 4659 quam

191 4664 362 4727 strauere
379 4664 461 4740 dies,
483 4664 531 4745 qui
554 4670 604 4725 est
618 4663 724 4726 modus
741 4661 812 4724 anni
826 4661 926 4724 Attici
949 4680 989 4723 ex
1001 4678 1069 4721 mea
1085 4660 1255 4737 sententia,
1277 4664 1395 4727 scilicet
1410 4666 1487 4743 354,
1502 4669 1533 4731 in

191 4772 248 4835 quo
273 4761 345 4817 sunt
368 4761 476 4835 quater
501 4752 544 4819 36
569 4761 602 4817 et
625 4752 725 4816 sexies
750 4751 802 4816 35.
823 4783 868 4796 -—
893 4744 949 4833 18)
974 4751 1052 4814 Pars
1083 4748 1154 4812 anni
1173 4750 1279 4815 -Atcici
1309 4762 1384 4817 ate
1410 4758 1533 4821 conficti
