3142 5482
385 818 735 967 illustrissimo
770 824 981 939 Dnmino

180 1027 328 1135 ll.
372 980 1155 1167 Maximillam,
1229 1040 1232 1051 ’

28 1219 154 1283 >omino
187 1219 240 1282 De
273 1217 406 1283 Liecht
392 1224 496 1285 ttens
503 1220 562 1286 ein
599 1225 632 1286 et
669 1219 897 1311 Nickelspurg,
937 1219 1072 1285 Domino
1104 1217 1337 1302 Rabenspnrgi,

28 1308 254 1389 dobenaugae,
289 1307 513 1389 Butschavizii,
549 1310 698 1375 Poserinii
732 1306 764 1373 et
799 1308 981 1390 Neogradi,
1015 1307 1133 1372 Sacrae
1164 1309 1341 1374 Caesareae

79 1470 83 1480 ,
140 1397 320 1479 Majestatis
342 1395 539 1479 Consiliario,
564 1397 748 1465 Camerario
769 1403 801 1463 et
819 1395 941 1463 'stabuli
961 1396 1126 1462 Praefecto
1149 1404 1207 1462 etc.

619 1542 673 1594 Nec
695 1558 749 1593 non.
776 1590 778 1595 .

250 1756 255 1770 ι
331 1660 522 1769 ILLUSTRI
544 1658 599 1730 El
621 1660 845 1770 Gannuoso
867 1581 1036 1729 bordino·

256 1793 303 1887 o.
351 1776 750 1889 ιιειιιιιιιιιιιο
797 1776 1112 1894 abactae,
1183 1842 1216 1887 2
1260 1798 1282 1891 ,·

28 1968 49 2010 ιι
73 1945 188 2025 Τοιιιι,
213 1945 376 2032 Keppach,
400 1947 541 2031 Grebing
562 1953 594 2013 et
617 1947 766 2029 Hernals,
794 1948 929 2015 Domino
953 1946 1169 2013 Steirecciiet
1191 1944 1340 2026 Erlacbii,

28 2034 88 2099 ιιι.
114 2037 231 2100 Baroni
253 2036 292 2100 de
316 2034 515 2121 Creispach:
539 2034 775 2103 Archiducatus
794 2038 942 2104 nustriae
965 2034 1061 2121 supra
1083 2038 1223 2100 Αιιιιιιιιιι
1245 2037 1341 2101 aulae

28 2124 176 2206 tlagistro
187 2124 373 2208 pronncrah
384 2123 614 2192 haereditario
628 2127 745 2193 Sacrae
754 2126 931 2192 Caesareae
940 2125 1055 2211 Μι
1008 2132 1075 2190 es
1056 2132 1118 2190 rs
1076 2125 1168 2190 ad
1177 2128 1342 2190 bameram

28 2213 160 2280 ruham
189 2213 392 2295 Consiliari03
424 2219 456 2278 et
484 2235 545 2299 pro
576 2221 719 2298 tempore
747 2214 932 2282 Provinciae
962 2216 1027 2280 dict
1013 2221 1067 2280 tae
1098 2236 1137 2279 ex
1164 2214 1343 2279 Beronibus

591 2303 780 2386 Ordinario;

427 2481 567 2548 Dominis
588 2481 666 2546 meis
687 2481 931 2564 gratiosissimis.

113 2620 192 2686 Cum
214 2622 372 2705 superiori
394 2622 565 2689 Novembri
590 2644 711 2702 manse,
740 2623 956 2693 illustrissime
972 2623 1121 2700 ‚Domina
1149 2616 1290 2687 illustris
1310 2629 1343 2688 et
1427 2619 1432 2626 “

28 2709 186 2779 Generosa
208 2711 244 2775 L.
268 2710 362 2788 Baro,
387 2712 520 2778 Domini
532 2713 769 2793 Gratiosissimi,
793 2735 908 2780 novam
930 2720 1066 2797 nuptam
1089 2711 1217 2776 domurn
1240 2710 1340 2775 dedu·

28 2801 141 2864 iissem
173 2807 317 2881 ternpore
350 2801 424 2880 tali,
460 2801 591 2883 quando
619 2801 759 2881 Austris,
792 2801 953 2866 vindemia
987 2801 1125 2902 copiosa
1147 2821 1206 2864 nec
1239 2799 1344 2863 minus

28 2908 178 2970 generosa
199 2887 342 2968 collecta,
366 2851 512 2973 plurimis
535 2890 688 2962 onerariis
715 2890 848 2956 adverso
870 2890 1015 2955 Danubio
1041 2889 1144 2954 missis
1167 2909 1243 2970 opes
1266 2908 1342 2952 suas

28 2977 142 3042 Norieo
164 2983 237 3041 nost
239 2995 275 3042 ro
223 2940 452 3046 tdividebat
438 2979 617 3064 tlitusque
623 2999 715 3044 omne
727 2978 916 3044 Lineianum
932 2979 1016 3043 vasis
1031 2977 1161 3042 vinariis
1181 2975 1343 3040 tolerabili

28 3065 127 3149 piratio
158 3063 324 3131 venalibus
354 3066 427 3132 obst
413 3072 570 3134 trucium
588 3067 761 3133 visebatur:
793 3068 979 3134 conveniens
1002 3071 1074 3130 erat
1103 3065 1206 3130 officio
1237 3065 1344 3129 mariti

28 3154 162 3235 bonique
183 3154 446 3235 patrisfamilias,
470 3157 630 3223 utdomni
650 3178 739 3221 meae
758 3154 803 3221 de
815 3157 994 3220 necessario
1017 3161 1098 3238 potu
1120 3153 1343 3306 prospicerem.
1360 3147 1363 3159 ¹

28 3242 125 3307 [loliis
147 3241 243 3324 igitur
265 3242 393 3325 aliquot
415 3245 543 3310 domum
564 3245 643 3311 illat
621 3253 662 3310 trs
686 3252 718 3310 et
704 3229 874 3311 tconditis
901 3249 975 3330 post
961 3244 1068 3308 tdies
1097 3248 1237 3345 quatuor
1259 3241 1345 3305 venit

28 3330 171 3401 venditor
187 3351 260 3396 oum
274 3332 364 3414 virga
387 3336 647 3417 memoriaque
662 3355 760 3399 unae
761 3335 902 3400 teadem
918 3333 1015 3399 cados
1037 3332 1213 3415 promiscue
1235 3351 1344 3395 omnes

28 3419 249 3501 exploravit
224 3441 292 3485 srne
315 3421 519 3502 discrimine,
529 3423 598 3487 sine
620 3429 768 3505 respectu
791 3422 923 3505 figurae,
946 3422 1013 3486 sine
1027 3421 1270 3487 ratiocinatione
1293 3419 1345 3487 iel

28 3507 351 3574 modolamine
375 3512 459 3576 enim
481 3511 550 3576 acia
571 3511 679 3594 virgae
702 3531 801 3586 aenea
821 3513 859 3576 iu
870 3510 1025 3576 orificium
1047 3510 1237 3575 infusorium
1259 3509 1346 3591 pleni

28 3596 95 3661 cadi
118 3598 326 3663 transversim
347 3600 390 3665 ad
414 3600 533 3665 calcem
554 3602 720 3682 utriusque
749 3597 847 3664 orbis
845 3599 961 3682 lignei,
991 3619 1072 3681 quos
1094 3598 1210 3661 fundos
1233 3617 1344 3660 verna·

28 3684 95 3750 aulo
113 3707 174 3749 usu
189 3685 255 3749 dict
242 3687 381 3766 titamus,
406 3696 579 3773 postquam
593 3689 745 3771 utrinqne
760 3688 906 3772 aequalis
916 3688 1072 3771 apparuit
1087 3686 1167 3749 haee
1180 3684 1344 3786 longitudo
1387 3768 1390 3774 ἱ

28 3794 42 3867 ι
65 3774 185 3838 ventris
201 3796 323 3842 summo
345 3777 389 3842 ad
403 3778 570 3878 utriusque
585 3777 750 3842 circularis
765 3775 925 3842 tabulae
917 3797 1028 3840 rmum:
1051 3776 1092 3840 de
1114 3780 1191 3838 nota
1211 3773 1345 3852 numeri,

28 3859 106 3944 inae
131 3864 231 3926 erat
214 3884 377 3947 impressa
399 3866 508 3948 virgae
530 3887 568 3931 eo
591 3867 680 3945 loco,
695 3887 759 3948 quo
783 3866 948 3932 desinebat
970 3864 1050 3929 haec
1073 3861 1248 3946 longitudo,
1271 3883 1344 3945 pro·

28 3950 190 4016 nunciavit
209 3973 376 4019 numerum
406 3955 634 4039 amphorarum
656 3975 737 4039 quos
761 3962 889 4038 caperet
875 3954 1025 4034 tcadus3
1052 3951 1228 4017 secundum
1250 3971 1345 4062 quem

28 4059 192 4105 numerum
213 4042 297 4117 ratio
320 4042 382 4108 fuit
405 4045 487 4117 inita
509 4045 613 4127 pretii

89 4118 227 4193 Mirari
250 4150 317 4213 ego,
342 4133 370 4196 si
386 4137 565 4198 transversa
582 4112 663 4198 linea
685 4152 743 4215 per
765 4152 881 4215 corpus
902 4088 1023 4203 dimidii
1045 4129 1117 4194 cadi
1132 4130 1238 4193 (lucta
1250 4148 1344 4208 argu·

28 4222 189 4281 mentum
186 4238 254 4283 esse
267 4226 377 4301 posset
392 4219 588 4306 capacitatis
605 4220 752 4286 dubitare
768 4219 864 4285 etiam
878 4221 918 4286 de
932 4219 997 4284 fide
1010 4218 1107 4303 hujus
1123 4216 1345 4296 dimensionis3

28 4327 95 4372 urm
119 4306 217 4371 cadus
238 4307 322 4389 inter
345 4308 435 4376 binos
466 4308 561 4375 orbes
591 4308 804 4388 brevissimus,
834 4315 907 4373 tant
893 4306 1057 4373 tummodo
1087 4305 1217 4372 orbibus
1248 4304 1345 4387 paulo

28 4394 194 4460 latioribus
205 4416 304 4478 eoque
316 4399 509 4482 perexiguae
521 4399 718 4481 capacitatis,
731 4397 958 4481 possithabere
970 4396 1105 4461 eandem
1115 4391 1345 4477 longitudinem

28 4483 64 4548 ab
87 4485 242 4551 infusorio
272 4485 314 4550 ad
344 4486 430 4552 orbis
461 4487 649 4553 alterutrius
680 4488 787 4552 imum.
834 4484 937 4552 Subiit
969 4485 1155 4551 memoriam
1185 4483 1346 4547 laboriosa

28 4572 181 4640 dimensio
203 4573 246 4637 ad
273 4574 421 4641 Rhenum
449 4570 586 4641 usitata:
617 4574 673 4641 nbi
695 4583 754 4641 aut
783 4575 879 4640 cados
909 4575 1042 4657 implent
1064 4581 1097 4639 et
1124 4570 1346 4655 persingulas

28 4660 160 4747 liquoris
182 4662 356 4746 amphoras
379 4667 578 4732 numerando
601 4671 777 4755 transeunt,
802 4685 873 4749 cum
889 4663 1056 4730 fastidiosa
1078 4661 1233 4745 temporis
1252 4681 1345 4726 occu·
