3142 5476
476 277 862 346 mammosa
1102 345 1104 348 ¹
1277 260 1339 328 ibi

26 421 95 486 ninus
108 421 212 500 Solis,
235 423 291 488 sed
311 424 369 488 luit
382 429 554 488 neteorusu
569 440 631 488 non
652 421 841 508 infrequens
862 429 934 488 tum
955 441 1029 487 vero
1050 368 1179 506 prodigii
1201 424 1272 488 locu
1285 442 1340 488 sc-

81 604 168 677 Ante
184 600 242 666 cn
260 601 332 665 lez.
369 599 455 666 coss
469 599 571 666 Acilio
586 599 754 665 Glabrione
776 602 863 668 etP.
883 589 1027 683 Scipione
1048 602 1164 666 Nasica
1186 602 1226 665 sd
1240 603 1281 666 V.
1296 603 1342 666 Id.
1410 636 1413 637 ν

26 692 154 763 lnintilcs
165 689 274 754 Solem
289 691 445 754 defecisse
453 690 597 764 sudastis
613 689 797 772 Capitolinis
811 699 941 757 mnotat
955 680 1103 772 Scnliger
1126 691 1222 774 Atqui
1237 691 1342 756 Livius

26 781 164 846 menda
155 802 188 844 sn
203 800 299 857 anne,
319 781 415 845 refert
429 779 508 845 enirn
522 781 602 846 hanc
618 779 744 862 eclipsin
759 781 799 844 ad
815 780 902 845 Coss
918 782 1096 863 sequentes,
1117 779 1153 843 L.
1168 778 1343 845 Cornelium

26 872 171 952 cipicnem
192 878 225 934 et
243 869 282 936 d.
296 870 451 934 Laelinns
480 870 524 932 Et
544 869 572 933 J.
589 869 785 952 Obsequens,
811 870 940 951 diligens
960 870 1166 952 prodigiorum
1189 870 1342 947 collector,

26 980 55 1024 sn
69 961 168 1024 refert
181 960 263 1025 hunc
278 961 433 1022 deiectum·
444 959 499 1023 sub
514 959 563 1022 his
580 957 670 1025 Coss.
703 960 811 1042 ltsqne
832 960 974 1041 usquein
990 960 1177 1023 utronomis
1191 960 1344 1024 invenitur

26 1053 104 1113 iones
120 1049 259 1130 eclipsis,
281 1068 358 1131 quse
372 1049 405 1112 in
420 1045 586 1119 Quintilem
599 1048 803 1130 Popilisnum,
824 1049 853 1112 ln
869 1068 895 1111 e.
909 1050 941 1113 in
954 1048 1071 1130 Maium
1084 1050 1238 1113 Juliannm
1258 1068 1341 1113 coru·

26 1147 81 1203 stat
95 1153 196 1220 neque
212 1139 269 1203 hoc
285 1158 381 1222 nsque
398 1137 593 1202 antecedenti
607 1157 710 1214 nnnc,
722 1146 756 1205 at
771 1154 867 1220 neque
883 1138 1035 1221 sequenti,
1056 1146 1093 1202 nt
1107 1139 1232 1202 dicetur.
1262 1141 1342 1203 Puto

26 1231 94 1303 itur,
109 1234 269 1292 meterem
283 1229 432 1291 iustorum
447 1226 588 1308 Capitol,
609 1227 827 1303 sninsdverso,
850 1228 976 1308 eclipsin
991 1248 1010 1291 a
1024 1228 1112 1292 Livio
1126 1247 1182 1309 per
1196 1234 1341 1311 trsnspo
1348 1252 1353 1261 ’

26 1319 136 1383 tionem
153 1318 285 1422 aliquam
306 1337 465 1399 perperam
485 1313 658 1398 sppositain
680 1315 768 1382 (loss.
791 1317 1001 1400 sequentibus,
1022 1319 1156 1382 voluisse
1171 1319 1229 1383 hoc
1244 1321 1341 1383 corsi

26 1426 78 1482 ue,
101 1414 137 1470 st
150 1406 334 1487 trajectione
349 1413 472 1469 tentate
492 1407 678 1487 pervertisse
694 1407 838 1487 anplius,
860 1408 1014 1471 trunslats
1035 1407 1214 1496 eclipsibus
1230 1427 1290 1472 non
1305 1416 1341 1471 nt

26 1498 131 1560 esurit
145 1497 186 1558 nd
204 1495 291 1562 Gcss.
306 1496 416 1560 ebbinc
431 1495 550 1571 tertios,
565 1515 623 1577 qur
607 1495 759 1560 &Livisno
773 1496 884 1559 indicio
900 1478 1112 1572 succedebsnt,
1128 1497 1183 1560 sed
1198 1498 1237 1560 sd
1252 1497 1341 1578 hujus
1367 1493 1369 1501 '
1490 1458 1492 1467 Ι

26 1606 53 1649 nn
66 1605 142 1649 anus
133 1585 252 1660 Ooss,
267 1606 317 1668 qur
308 1584 725 1667 'proecedebsntLivlsnum
741 1585 892 1668 eclipseos
905 1604 1030 1650 sunum:
1050 1587 1091 1649 ad
1106 1604 1194 1669 quesn
1210 1605 1343 1650 errorem
1378 1636 1382 1643 .

26 1695 75 1739 nnn
96 1675 279 1750 inutaven't
300 1675 358 1738 sals
360 1695 378 1737 a
399 1675 483 1738 hsec
498 1674 687 1755 conjecturs,
711 1675 791 1758 qnod
812 1675 900 1738 Livio
922 1675 1112 1781 trajectionis
1137 1695 1230 1739 censs
1251 1676 1343 1740 inerit

26 1773 74 1828 ter
86 1765 248 1828 consulum
264 1768 301 1827 'et
309 1764 399 1845 hujus
413 1771 446 1827 et
461 1764 618 1845 sequentis
633 1765 703 1827 anni
720 1765 826 1827 eodem
841 1763 994 1853 Scipionis
1009 1766 1127 1828 nomine
1143 1771 1341 1871 nuncupatus.

26 1875 73 1917 nnn
87 1855 186 1937 igitur
200 1854 282 1916 male
302 1854 339 1916 de
362 1873 455 1918 ceusu
476 1855 588 1917 erroris
601 1853 722 1917 Liviani
738 1854 882 1934 conjecit,
904 1855 983 1916 mule
999 1855 1093 1918 etiarn
1108 1873 1175 1917 euru
1189 1855 1256 1937 ipse
1270 1875 1341 1918 cor·

26 1945 87 2007 nit:
111 1944 193 2006 etin
206 1944 380 2007 universum
395 1943 529 2006 calculus
545 1944 765 2006 astronomicus
779 1951 953 2029 praestare
961 1963 1022 2008 non
1037 1933 1161 2007 sebosus
1180 1945 1259 2008 bunc
1275 1944 1340 2007 dis·
1365 2025 1367 2031 y

26 2053 116 2099 nsum
131 2039 299 2097 meorum
336 2033 424 2096 Aut
415 2033 510 2113 igitur
530 2028 699 2138 prodigium
720 2032 779 2097 ruit
800 2032 967 2114 falsumque
989 2034 1068 2099 dixit
1082 2033 1202 2110 Livius,
1224 2034 1343 2123 lunam

26 2124 171 2187 borbum
186 2120 269 2185 Solis
285 2122 428 2196 subiisse,
451 2121 684 2204 sutsieclipsis
700 2122 770 2195 ruis,
793 2121 853 2184 ulio
869 2141 949 2185 anno
964 2123 1155 2207 initulioque
1171 2081 1228 2187 die.
1256 2102 1340 2186 Etsi

26 2233 59 2288 sc,
74 2213 272 2292 conjecturae
287 2218 360 2274 sunt
374 2212 512 2292 geminus
533 2229 573 2273 ex
587 2211 705 2292 genuino
720 2208 800 2275 Livii
823 2228 924 2280 errore
951 2212 1116 2276 dementes.
1145 2213 1247 2277 Primo
1262 2213 1342 2275 enlm

26 2303 180 2375 eminetis,
203 2308 277 2363 snte
292 2319 389 2365 unnos
402 2301 514 2367 abhinc
531 2300 595 2375 12,
609 2306 680 2362 ante
697 2298 752 2364 cl.
769 2298 841 2364 203.
856 2300 922 2363 Tib.
939 2300 984 2365 Ol.
1000 2303 1131 2377 Nerone,
1152 2303 1194 2364 bd
1211 2301 1340 2366 Servilio

26 2392 125 2454 emino
142 2389 238 2455 Coss.
259 2389 372 2466 „Ludis
386 2389 624 2471 Apollinaribus
638 2384 704 2472 (qui
727 2397 798 2451 snut
820 2390 860 2452 ad
880 2389 935 2453 111.
950 2391 1029 2454 Non.
1045 2388 1214 2465 Quintiles)
1237 2391 1341 2455 Gumis

26 2481 98 2544 bern
117 2477 160 2558 Θ
175 2479 270 2543 minui
284 2478 412 2554 visum“,
426 2497 494 2542 cnm
503 2476 607 2561 Scipio
617 2479 782 2542 Africanus
796 2496 846 2541 res
860 2479 892 2542 in
906 2479 1014 2542 Ain‘ca
1029 2477 1159 2560 gereret.
1182 2480 1234 2543 An
1248 2481 1341 2561 igitur
1360 2472 1367 2489 ¹

26 2571 72 2633 sod
86 2577 164 2632 tunc
179 2570 309 2643 iactum,
330 2568 361 2630 id
376 2569 434 2631 huc
448 2569 556 2631 retulit
570 2567 707 2633 Livinei.
731 2567 834 2630 Rarus
847 2569 984 2649 profecto
1000 2587 1089 2632 cesus
1105 2575 1168 2642 est,
1191 2575 1226 2630 ut
1239 2569 1338 2630 inter-

26 2659 77 2723 itio
92 2660 323 2722 l2snnornm2
335 2655 464 2738 eclipses
476 2675 606 2738 mugnus
619 2655 701 2720 Solis
712 2657 744 2719 in
757 2656 878 2720 eosdem
890 2656 978 2720 ludos
989 2657 1184 2738 Apollinares
1193 2656 1338 2719 incidant.

26 2750 109 2812 einde
130 2755 264 2830 apparet
286 2767 325 2810 ex
350 2754 502 2811 wntextu
518 2745 612 2821 Livii,
634 2746 781 2809 insertum
803 2765 872 2809 osae
895 2746 974 2810 hunc
994 2746 1150 2827 periodum
1173 2746 1210 2807 de
1233 2745 1339 2827 eclipsi

26 2844 71 2901 ter
85 2837 309 2920 profectionem
325 2835 490 2901 Oonsulusu
505 2843 538 2898 et
552 2836 587 2898 1.
596 2835 720 2901 Aemilii
734 2835 846 2916 Rsplli
861 2835 1012 2917 prsetoris
1027 2833 1156 2908 classici,
1170 2835 1339 2922 sneportune

26 2928 115 2990 sidem
130 2934 165 2990 et
179 2945 228 2988 ex
232 2927 399 3007 inopinsto.
435 2920 517 2989 Nasu
531 2926 640 2989 verba.
666 2924 720 3000 ,1..
736 2924 897 2988 Aemilius
906 2924 1012 2987 eodem
1033 2931 1170 3006 tempore
1184 2908 1340 3006 prefectus

26 3016 61 3079 d“
77 3015 256 3079 immediate
271 3015 484 3097 subjungendo.
495 3014 637 3078 udonem
651 3015 726 3078 illis:
753 3013 842 3089 ,Oos
857 3012 1021 3094 psluda'tus
1043 3013 1082 3075 sb
1095 3013 1170 3075 urbe
1185 3014 1340 3095 proiectus

26 3113 55 3181 st;
80 3106 121 3168 ad
143 3104 275 3168 inillis
296 3104 423 3168 exeunti
435 3103 507 3168 Oos.
529 3104 651 3167 numius
673 3103 816 3171 dederd.
849 3104 956 3182 ltsquo
979 3102 1100 3166 dubium
1119 3102 1248 3177 nullum,
1270 3102 1341 3184 quin

26 3214 69 3258 sec
93 3194 168 3257 olisn
191 3193 284 3257 fucrit
306 3193 400 3257 veluti
415 3191 591 3274 murginslis
616 3193 788 3267 emulatio,
819 3209 894 3273 quse
918 3197 1029 3273 postes
1042 3191 1074 3254 in
1096 3197 1218 3256 textum
1238 3191 1339 3274 irrep·

79 3374 121 3439 A.
138 3371 194 3438 Ch.
212 3371 291 3436 190:
314 3369 446 3454 Eclipsis
462 3369 545 3436 Solls
561 3371 668 3435 tctslis
683 3369 740 3434 init
757 3359 1142 3456 14.1dsrsiisulisnl,‘qrr
1157 3376 1226 3435 erut
1240 3370 1341 3453 Medus
1391 3359 1393 3369 Α

26 3465 44 3527 sl
54 3462 168 3528 siuns
182 3460 367 3544 Popilianns
397 3460 440 3524 Et
454 3461 492 3523 de
507 3463 567 3524 hoo
581 3461 701 3525 videtur
715 3461 796 3545 loqui
810 3461 915 3524 Livius
931 3461 981 3524 lib.
996 3460 1082 3525 VIII.
1112 3462 1160 3525 De
1175 3461 1235 3526 hsc
1249 3462 1342 3525 etism

26 3554 74 3636 qud
87 3552 301 3638 puto-Livium
316 3550 371 3614 sub
388 3549 476 3615 (loss.
496 3551 646 3632 prioribus
663 3543 706 3630 (v.
721 3544 770 3632 s).
803 3549 914 3631 Cogite
929 3550 1038 3625 etium,
1061 3549 1234 3632 Scipionem
1248 3570 1341 3634 snpe-

26 3644 81 3706 oris
97 3642 172 3705 annl
187 3640 259 3706 Gos.
274 3641 324 3704 hic
333 3641 400 3721 jum
415 3640 507 3703 iuuisse
523 3636 752 3714 Proconsulem3
762 3675 765 3683 =
776 3640 816 3702 ed
831 3656 918 3721 quem
934 3638 988 3703 Gn.
1004 3639 1137 3703 Msnlins
1152 3641 1249 3722 primo
1270 3658 1342 3705 vere

26 3733 79 3795 snit
99 3732 132 3794 in
146 3732 272 3796 Asiam:
294 3729 365 3812 quid
388 3729 414 3792 si
436 3747 509 3810 ergo
534 3747 612 3810 „per
629 3747 682 3791 eos
698 3728 778 3803 dies,
800 3726 907 3810 quibus
924 3727 994 3792 Cos.
1009 3729 1143 3794 Manlius
1164 3731 1203 3792 ad
1218 3730 1342 3794 Procos.

26 3822 171 3903 cipioncnn
185 3822 340 3902 profectus
357 3826 406 3882 est
419 3818 462 3882 ud
476 3818 624 3884 bellnm“:
653 3818 702 3880 vel
726 3836 799 3899 „per
816 3837 874 3902 eos
890 3818 972 3893 dies,
993 3819 1101 3900 quibus
1118 3820 1251 3882 decessit
1265 3837 1340 3901 pro·

26 3911 93 3974 beia
108 3912 234 3974 Precoa
250 3908 392 3991 Scipio“;
416 3915 470 3972 snt
487 3908 613 3990 ,quibus
629 3907 760 3970 Manlius
776 3905 846 3971 (ios.
863 3928 881 3970 s
897 3906 1040 3989 Scipione
1048 3908 1172 3975 Prosus.
1187 3910 1341 3992 proiectus

26 3999 100 4064 stad
113 3999 229 4063 bellum
238 4006 350 4062 ‘contre
367 3996 628 4080 Gsllogreecos“i
652 3994 696 4060 Ut
711 3997 755 4059 ita
769 3995 967 4060 hallucinatio
983 3998 1038 4060 sit:
1053 3999 1220 4061 Proconsnl
1230 3994 1343 4080 Scipio,

26 4108 66 4153 rc:
77 4089 162 4154 >Coa
178 4087 292 4170 scipso
321 4085 499 4170 Quicunque
515 4102 599 4151 error
615 4086 672 4161 sit,
695 4086 772 4150 estis
786 4087 837 4149 vol
851 4086 924 4149 sine
944 4088 1131 4150 estrommia
1151 4087 1343 4170 redarguitur

41 4179 233 4244 duenslobc
258 4185 430 4259 anctoruns,
458 4196 515 4242 nec
536 4176 627 4240 sliter
648 4175 707 4240 nisi
728 4177 787 4239 boc
803 4176 870 4256 Jam
892 4194 970 4239 suno
996 4183 1028 4238 et
1052 4176 1110 4238 hec
1132 4177 1236 4259 eclipsi
1260 4177 1342 4239 veri-

82 4360 122 4422 A
140 4354 177 4422 C.
194 4355 266 4420 189.
306 4356 375 4433 „Ad
391 4354 446 4422 On.
461 4355 608 4420 Manlium
621 4356 744 4418 Procos.
759 4352 929 4435 legationes
950 4355 1084 4436 gentium
1105 4352 1271 4417 venerunt“
1292 4353 1342 4419 01.

26 4449 77 4510 ,4ο
98 4440 225 4527 (Polyb.
246 4439 339 4526 Lis).
391 4446 589 4526 „Priusquam
617 4444 647 4506 in
662 4443 849 4525 provincius
877 4443 948 4506 novi
978 4445 1177 4525 mugistrstus
1204 4445 1342 4525 proficis·
1421 4504 1424 4513 ,

26 4545 154 4611 nentur,
179 4535 349 4616 prodigium
364 4535 534 4616 expiatum,
555 4534 636 4616 quod
651 4534 717 4596 lnce
732 4534 817 4595 inter
827 4532 857 4595 h.
873 4533 903 4596 3.
919 4538 951 4594 et
966 4534 994 4596 4.
1018 4534 1081 4596 iere
1096 4533 1241 4610 tenebrae
1257 4541 1343 4598 ortse

26 4626 134 4691 srant“
162 4618 248 4703 (Iis.
271 4630 304 4685 ct
317 4621 529 4705 obsequens).
568 4621 747 4694 Qriale-hoc
768 4622 937 4704 prodigium
959 4621 1064 4699 inerit,
1086 4623 1220 4687 cslcnlus
1240 4632 1343 4688 ustro-

26 4719 127 4782 ›micus
144 4730 231 4778 anno
248 4713 400 4793 superiore
414 4713 575 4776 indicavit:
592 4707 865 4794 echpsisi'nimirnm
876 4711 958 4775 Solis
974 4712 1080 4775 totalis
1099 4712 1147 4776 14.
1157 4713 1248 4778 Mart.
1263 4714 1344 4780 inter
1430 4719 1431 4722 ’
1493 4661 1498 4666 ’

34 4808 105 4874 Set
119 4805 153 4872 9.
171 4807 250 4868 ante
271 4800 430 4867 neddere
438 4819 520 4867 more
536 4796 851 4888 nostrstlss‘quodest
864 4802 894 4867 h.
909 4802 939 4868 3.
955 4821 981 4866 c.
994 4808 1077 4867 more
1091 4800 1238 4870 Romano.
1266 4804 1345 4872 Erst
