3150 5482
216 247 279 310 642
416 324 420 332 ι
786 242 873 292 Tertia
889 241 958 293 Pars.

214 418 397 502 provocati,
427 417 602 483 exciderint
631 420 663 481 et
691 414 919 500 pamlecerint:
950 413 1161 500 medioembus
1190 414 1328 497 ingeniis
1359 414 1463 496 nullus
1482 416 1523 482 his

214 508 381 573 thesaurus
416 507 562 571 utilitatis
593 512 652 570 aut
682 504 857 588 compendii
877 504 970 568 *latet
1005 502 1221 569 absconditus.
1262 503 1367 570 ·Idem
1400 505 1524 589 denique

214 601 338 661 teneto:
363 617 436 660 cum
459 595 511 660 00
534 596 636 658 nuinor
655 593 699 659 ad
723 594 773 660 ΟΥ
804 593 917 667 fuerit,
942 615 1039 676 quam
1062 591 1191 678 01111
1217 592 1295 673 GY,
1328 593 1434 675 ligura
1453 598 1524 660 euin

215 686 276 749 erit
298 705 337 748 ex
360 684 465 768 ellipsi
486 689 675 761 transversa,
701 689 734 747 et
755 681 954 766 sphaeroidis
977 683 1129 762 segmenti
1158 683 1330 765 proportio
1353 683 1523 748 adelinam

214 777 316 857 major
335 775 419 851 erit,
432 793 526 855 quam
542 771 597 835 GO
613 771 654 837 ad
669 770 735 849 00,
756 771 814 834 sed
836 771 972 852 genisius
993 771 1078 834 linea
1100 772 1244 836 noudum
1267 778 1320 836 est
1333 780 1429 852 nota;
1452 773 1525 855 quod

215 868 306 927 tanto
335 862 467 926 minoris
495 861 646 925 momenti
675 859 935 941 impedimentum
969 859 1091 924 censeri
1123 859 1233 940 101101,
1271 863 1525 942 quantominus

215 950 382 1036 verisimile
404 956 469 1030 est,
496 948 582 1015 dolia
609 947 807 1032 sphaeroidis
834 967 932 1030 quam
958 947 1144 1031 hyperbolae
1174 955 1232 1013 aut
1255 948 1372 1014 circuli
1400 951 1525 1033 liguram

122 1049 128 1060 ”
214 1038 341 1103 imitari.

221 1177 257 1243 V.
284 1179 354 1260 Qua
364 1181 486 1244 ratione
500 1178 575 1260 qais
591 1178 759 1258 ((011ρο1000
775 1177 880 1256 arctim?
890 1179 996 1258 possit
1011 1179 1250 1259 proportionem
1257 1182 1372 1260 proriis
1388 1185 1525 1243 01000100

216 1268 259 1332 ad
280 1268 602 1350 residuumliquorls,
626 1271 726 1330 struto
744 1263 1011 1347 dollo'crcctlsquc
1027 1266 1069 1329 cd
1081 1268 1352 1348 perpendicnlum
1370 1267 1525 1333 diuturnis

611 1357 781 1419 0011010,οι
803 1355 924 1418 orbium
948 1355 1129 1437 1100000101.

146 1559 152 1562 ‚
267 1520 271 1531 -
302 1480 488 1546 Desiderato
508 1474 692 1555 Ι11010110,
727 1485 883 1564 quantum
913 1501 971 1561 ego
999 1479 1079 1557 scio,
1111 1479 1281 1545 doctrinae
1317 1480 1418 1565 hujus
1450 1502 1523 1564 pers,

214 1570 301 1634 utilis
323 1575 430 1634 tamen
453 1569 600 1652 patribus
622 1569 759 1632 familias
781 1568 822 1632 ad
845 1568 1008 1650 arguenda
1030 1574 1061 1632 et
1083 1570 1225 1635 cavenda
1248 1569 1354 1648 furta,
1380 1570 1408 1634 01
1429 1577 1525 1638 tomes

215 1659 357 1724 bacchus
373 1678 393 1721 a
408 1658 547 1723 Thetidis
567 1659 685 1722 ditione
700 1677 776 1721 suas
791 1676 866 1739 opes
887 1657 999 1741 procul
1014 1656 1216 1723 collocaverit
1229 1659 1327 1742 eique
1343 1661 1410 1724 suis
1423 1658 1525 1723 tinibus

214 1746 432 1812 interdixerit:
464 1746 547 1811 solet
576 1748 658 1810 enim
687 1746 767 1810 haec
788 1747 856 1810 Dea
878 1748 923 1811 sio
944 1752 1051 1827 tegere
1079 1747 1128 1810 sui
1149 1766 1266 1811 vernae
1298 1748 1473 1825 maleficia,
1495 1756 1525 1813 ut

215 1855 286 1899 cum
301 1841 426 1918 partem
441 1835 495 1900 ille
516 1834 711 1913 subduxerit,
734 1835 796 1900 ista
812 1834 1008 1899 refundendo
1031 1840 1214 1917 corrumpat
1236 1836 1413 1918 reliquum.
1444 1837 1524 1918 Coig·

214 1924 280 1988 neti
303 1924 502 2007 aliorumque
523 1924 646 2003 modus,
669 1944 735 2006 qua
757 1930 864 1988 000110
887 1927 946 2008 001,
969 1925 1093 2004 angusti
1115 1923 1261 1988 estuans
1293 1932 1389 2000 (comp.
1414 1938 1470 1986 vor.
1486 1937 1525 1994 m.

214 2038 239 2086 p.
259 2018 340 2092 734),
364 2017 402 2076 11
424 2032 497 2077 vero
511 2012 675 2085 adomnia
698 2013 819 2095 generis
835 2010 921 2077 dolia
943 2011 1123 2079 extenditur
1145 2012 1212 2084 sine
1235 2034 1351 2078 errore
1375 2014 1524 2079 0111011-

215 2100 274 2179 dis,
298 2101 385 2183 quod
405 2100 497 2165 facile
524 2100 712 2166 fatebuntur
738 2105 896 2178 auctores,
918 2100 1065 2187 ¹exerceri
1086 2122 1151 2165 uon
1178 2122 1219 2183 po
1269 2108 1295 2167 t.
1342 2101 1525 2186 Incipiamus

214 2193 321 2253 tamen
343 2189 384 2253 ab
407 2189 474 2253 illo.
518 2190 674 2255 Nimirum
693 2189 721 2253 si
743 2189 860 2254 dolium
882 2189 923 2253 sit
944 2188 1047 2270 figura
1069 2189 1204 2271 cylindru'
1225 2211 1245 2253 1
1271 2197 1287 2254 t
1308 2191 1524 2257 insensibiliter

214 2277 256 2341 ab
279 2298 322 2342 ea·
338 2277 498 2355 deflectat,
520 2277 702 2361 superficies
724 2278 822 2361 plana
842 2277 976 2359 liquoris
988 2283 1077 2341 secat
1098 2277 1190 2343 orbes
1213 2278 1339 2360 ligneos
1358 2282 1524 2362 ventrisque

213 2365 454 2448 amplitudinem
482 2367 516 2431 in
543 2366 619 2431 bina
648 2371 809 2449 segmenta
838 2364 978 2445 cneus,-
1000 2387 1100 2447 quare
1128 2387 1187 2450 per
1217 2366 1264 2431 th.
1295 2367 1399 2434 XVII.
1433 2370 1524 2453 pertis

213 2455 336 2538 primae
358 2461 519 2537 segmenta
541 2454 605 2521 duo
627 2457 725 2522 totius
748 2453 939 2538 cylindracei
961 2453 1051 2533 dolii,
1074 2475 1211 2520 vacuum
1234 2463 1269 2520 et
1293 2457 1440 2539 plenum,
1461 2464 1524 2523 suut

213 2543 246 2607 in
268 2544 741 2627 proportionesegmentorum.
757 2543 926 2628 planorum
947 2542 980 2606 in
1002 2540 1142 2609 basibus.

132 2648 135 2652 ’
300 2632 363 2697 Sed
384 2633 463 2714 quia
485 2632 603 2698 dolium
626 2639 676 2697 est
698 2633 908 2717 compositum
929 2653 968 2695 ex
990 2631 1113 2697 duobus
1137 2632 1233 2697 veluti
1256 2634 1386 2698 truncis
1410 2636 1522 2709 0011011,

213 2741 349 2803 quorum
378 2726 544 2804 reputatur
574 2720 709 2786 altitudo
739 2719 899 2799 technica,
934 2728 1094 2802 quantum
1122 2727 1170 2785 est
1203 2721 1420 2801 longitudinis
1451 2724 1525 2787 inter

98 2830 102 2838 ·
214 2810 366 2873 01101111]
392 2810 510 2875 ventris
538 2816 572 2875 et
592 2810 701 2877 orbem
726 2810 881 2893 ligneum:
909 2815 1044 2885 truncus
1073 2806 1156 2875 vero
1174 2810 1317 2893 qnlibat
1343 2820 1471 2878 constat
1491 2832 1523 2875 ex

213 2897 357 2980 cylindro
386 2899 507 2977 medio,
539 2919 637 2981 super
666 2897 737 2963 basi
765 2899 870 2964 trunci
899 2897 1015 2962 minori
1042 2904 1075 2962 et
1103 2898 1310 2983 cucumjecta
1340 2901 1453 2965 tunica
1473 2901 1524 2971 t'sic

213 2986 300 3051 euim
321 2987 451 3071 appello
476 2988 509 3052 in
535 2987 621 3053 10110
643 2985 807 3053 dimidiam
837 2987 955 3052 ventris
981 2986 1255 3068 protuberantiam
1286 3009 1394 3072 supra
1420 2989 1524 3055 molem

212 3075 316 3139 intimi
338 3076 487 3158 cylindri3
509 3077 536 3140 01
559 3081 663 3142 totum
685 3075 803 3141 dolium
826 3078 958 3159 ejusque
979 3074 1151 3156 genuinam
1176 3075 1320 3158 liguram
1343 3079 1523 3154 00101101,

212 3169 284 3228 1011
305 3165 437 3241 ventris>
455 3162 721 3247 protuberantia,
741 3171 889 3229 constane
922 3184 961 3227 ex
983 3163 1106 3227 duabus
1135 3164 1254 3228 talibus
1287 3163 1391 3231 veluti
1421 3167 1523 3232 tunicis

213 3251 364 3330 adversio,
387 3255 421 3317 in
436 3251 653 3337 superioribus
675 3252 752 3318 mihi
768 3253 854 3317 diota
871 3252 1047 3333 11111011),
1073 3252 1293 3318 animadverte
1317 3257 1426 3337 igitur,
1448 3253 1522 3338 quod

212 3341 339 3407 tunicae
360 3341 411 3405 vel
433 3362 531 3408 zonae
553 3340 647 3426 hujus
669 3360 779 3422 margo
805 3342 942 3424 primum
964 3339 1110 3420 subsidit,
1140 3342 1334 3424 priraquam
1356 3343 1403 3408 ab
1424 3346 1522 3409 intimo

213 3428 362 3511 cylindro,
386 3429 445 3512 qui
459 3436 509 3494 est
524 3430 606 3496 inter
621 3428 716 3494 orbes
737 3430 866 3512 ligneos,
890 3430 966 3513 quid
982 3429 1106 3509 deficit,
1128 3436 1370 3514 posteaquam
1394 3433 1522 3516 cyliuder

212 3516 324 3602 incipit
345 3518 453 3605 minui,
483 3537 609 3603 semper
631 3539 696 3584 una
717 3519 870 3584 minuitur
898 3518 992 3584 etiam
1021 3519 1145 3598 tunica3
1174 3519 1217 3583 ad
1246 3527 1442 3600 extremum,
1464 3528 1523 3586 toto

213 3605 356 3687 cylindro
383 3607 551 3685 exhausto,
578 3612 681 3674 restat
702 3608 735 3672 in
756 3607 898 3673 faecibus
926 3607 1042 3672 adhuc-
1055 3627 1166 3688 margo
1192 3609 1402 3676 tunicae'vel
1423 3630 1522 3676 ronse

213 3691 289 3770 ons
311 3694 345 3759 in
365 3695 426 3761 hac
446 3695 681 3778 irregularitate
703 3704 810 3779 speret
832 3695 873 3760 ab
895 3705 967 3761 arte
988 3695 1184 3761 subsidium?

247 3808 250 3814 ·
302 3783 401 3867 Atqui
423 3806 487 3851 non
509 3784 580 3869 plus
603 3785 696 3850 unico
718 3786 914 3850 theoremate
937 3785 1027 3849 nobis
1049 3805 1128 3868 opus
1150 3785 1261 3863 luerit,
1286 3792 1326 3851 ut
1348 3787 1520 3852 1010011·

213 3872 300 3937 tione
330 3873 405 3937 dolii
440 3894 514 3937 cum
542 3872 646 3955 figura
675 3873 780 3938 trunci
811 3873 910 3938 conici
940 3873 1094 3956 duplicati
1122 3873 1410 3943 demonstrativam
1439 3876 1523 3960 plone

213 3959 463 4043 praescribamus
490 3960 684 4026 methodum.
730 3962 863 4035 Dictum,
886 3968 935 4026 est
961 3982 1061 4044 supra
1082 3961 1128 4026 th.
1153 3961 1236 4027 xvl.
1264 3966 1372 4046 partis
1400 3966 1523 4049 primas,

213 4046 353 4114 nondum
376 4070 444 4114 esse
466 4050 584 4116 factam
610 4070 632 4113 a
652 4049 821 4132 geometris
848 4049 1100 4133 disquisitionem
1125 4049 1166 4115 de
1187 4046 1357 4118 soliditate
1387 4074 1519 4135 segmen

213 4141 317 4201 torum
338 4138 538 4219 quorundam
561 4139 646 4218 coni,
670 4159 751 4221 quae
765 4139 848 4202 inter
864 4144 938 4203 sunt
957 4139 1053 4204 etiam
1066 4139 1131 4204 ista
1153 4147 1322 4221 segmenta
1343 4148 1521 4208 truncorum

212 4226 393 4289 oonicorum
407 4247 462 4290 seu
478 4225 563 4308 dolii,
584 4247 666 4310 quae
685 4227 936 4292 determinantur
951 4249 1009 4311 per
1024 4227 1156 4311 planam
1174 4229 1383 4311 superficiem
1397 4229 1520 4315 liquoris

212 4312 385 4391 defluentis,
408 4315 597 4398 parallelam
619 4316 677 4392 axi
693 4321 881 4379 truncorum
903 4317 1090 4394 canicorum,
1113 4325 1236 4385 rectam
1258 4318 1304 4385 ad
1327 4337 1517 4392 communem

212 4400 320 4468 basem
342 4408 530 4469 truncorum
552 4425 610 4470 seu
632 4405 782 4469 circulum
805 4403 941 4469 medium
963 4404 1091 4470 ventris.
1352 4424 1355 4428 ·

282 4493 347 4556 “De
368 4490 416 4557 his
439 4492 547 4576 itaque
568 4495 737 4576 segmentis
756 4493 830 4559 coni,
841 4493 931 4558 lubet
950 4494 1060 4576 aliqua
1082 4494 1236 4561 disserere
1254 4498 1354 4563 etiam
1373 4496 1517 4572 hocloco,

213 4579 254 4643 11
277 4581 494 4662 provocandos
517 4587 706 4664 geometras,
728 4583 839 4665 utqui
864 4582 1020 4647 hactenus
1041 4603 1107 4646 non
1130 4586 1347 4668 satagendum
1372 4592 1517 4672 putarunt

158 4673 163 4677 '
213 4667 254 4731 de
268 4668 317 4732 his
332 4671 512 4750 segmentis,
533 4690 604 4748 usu,
619 4669 705 4754 quod
719 4691 816 4753 supra
831 4671 985 4752 dicebam,
999 4692 1064 4736 non
1080 4674 1243 4755 exigente,
1267 4675 1292 4740 ii
1303 4679 1374 4761 jam
1387 4675 1515 4748 tandem,

214 4763 384 4839 postquam
409 4758 611 4824 manil'estum
639 4759 748 4824 vident
780 4781 869 4826 usum
886 4758 1019 4840 eorum,
1050 4780 1202 4829 esomno
1225 4765 1380 4848 evigilent
1401 4765 1514 4832 demon·
