3142 5476
564 302 595 353 da
607 302 681 353 rebus
693 301 877 368 chronologicis.
1344 278 1384 348 91
1488 362 1489 365 ¹

1 491 3 526 ,
67 444 169 510 babeat.
215 444 307 509 Adde
322 443 428 525 reponi
443 452 548 528 a'perte
563 445 593 507 in
610 442 820 532 Scorpionem:
848 446 926 523 ,Tm
948 442 996 526 qui
1017 443 1151 507 incendis
1167 442 1314 526 Scorpion
1329 444 1387 507 mi-

1 531 2 556 ³
65 553 154 597 naoem
168 535 323 616 flagrante
346 534 458 609 cauda,
483 534 653 617 Chelasque
674 535 828 616 peruris“;
850 534 901 597 nbi
924 535 1026 597 chelas
1047 552 1106 596 non
1123 534 1213 596 sumit
1232 552 1286 615 pro
1303 535 1389 615 signo

62 624 173 699 librae,
189 623 337 705 quiajam
353 624 381 685 ei
396 624 513 706 signum
528 623 703 704 Scorpionis
719 625 815 700 dedit,
840 626 893 686 sed
908 644 962 705 pro
978 623 1109 687 membro
1126 622 1313 704 Scorpionis,
1333 643 1388 686 ex-

59 712 195 797 politione
210 733 285 775 usus
299 714 431 794 poetica,
448 733 500 775 sen
515 713 813 796 hypotyposimagis.
834 714 916 777 ‘Nam
932 714 957 775 si
968 712 1111 795 Scorpius
1125 712 1193 793 igni·
1203 712 1389 787 adhibeatur,

60 802 149 883 ntique
172 801 280 864 chelas
300 801 381 883 ignia
405 822 495 865 sensu
516 803 644 864 maxime
665 802 815 876 movebit,
846 810 882 867 et*
900 822 935 864 eo
958 803 1109 865 chelamm
1131 803 1240 863 damno
1261 801 1390 865 maxime
1467 796 1469 799 ’

60 891 139 954 luerit
156 891 345 973 spectabilis.
375 892 410 954 In
427 911 550 967 summa,
564 892 718 955 Lucanum
734 892 874 954 credibile
895 899 943 953 est
962 892 1064 953 mdem
1080 891 1281 954 astronomiae
1291 891 1391 966 fuisse,

60 980 98 1062 qui
107 981 274 1061 'putaverit
283 980 393 1043 Martis
407 981 576 1061 ingressum
591 981 622 1043 in
633 980 798 1062 Scorpium,
814 981 895 1044 Solis
909 981 940 1043 in
948 980 1090 1055 Leonem,
1105 979 1228 1042 Saturni
1243 980 1273 1041 in
1283 980 1390 1061 Aqua-

59 1070 124 1131 rium
140 1076 207 1130 tam
225 1089 294 1131 esse
310 1090 380 1132 rara
396 1078 428 1132 et
442 1071 566 1133 insolita
581 1078 613 1132 et
629 1070 787 1134 subitanea
803 1071 902 1152 signa,
925 1088 1014 1151 qnam
1030 1076 1099 1132 snut
1119 1069 1248 1151 eclipses
1263 1088 1390 1149 magnae

58 1156 135 1231 Solis,
158 1168 216 1220 ant
232 1166 385 1235 cometae,
406 1167 461 1221 ant
476 1160 701 1240 conjunctiones
722 1179 864 1241 magnae:
889 1178 1011 1240 cumque
1030 1158 1158 1238 legisset
1171 1158 1202 1221 in
1218 1158 1392 1239 astrologia,

57 1245 129 1309 Solis
152 1248 339 1310 domicilium
360 1249 390 1310 in
412 1249 514 1311 Leone
538 1268 622 1324 esse,
651 1248 775 1312 Saturni
797 1250 828 1310 in
850 1248 1000 1328 Aquario,
1015 1248 1139 1310 -Martis
1162 1248 1193 1310 in
1216 1247 1390 1330 Scorpione,

60 1337 183 1416 putavit,
200 1337 321 1418 quoties
337 1336 391 1399 Sol
406 1337 437 1398 in
452 1338 585 1408 Leonem
600 1338 781 1418 ingreditur,
796 1338 936 1399 mundum
952 1336 1084 1411 incendi,
1107 1337 1224 1418 quoties
1240 1336 1391 1398 Saturnus

60 1425 290 1506 inAquarium,
312 1427 523 1489 inundationes
546 1447 630 1501 esse,
653 1427 771 1509 quoties
785 1427 870 1488 Mars
892 1427 922 1487 in
939 1424 1149 1507 Scorpionem,
1170 1425 1280 1490 bellurn
1303 1433 1391 1487 atrox

60 1513 220 1576 imminere:
246 1515 316 1595 quia
332 1515 386 1578 Sol
400 1516 529 1596 ignibus
545 1514 694 1579 Saturnus
708 1516 806 1590 undis,
820 1517 905 1578 Mars
921 1515 1011 1578 armis
1026 1514 1150 1596 praesit

133 1603 200 1666 Sed
225 1604 304 1666 enirn
326 1611 360 1666 tu
381 1624 435 1685 pro
457 1606 644 1668 revolutione
661 1605 817 1667 'mundana
840 1623 973 1686 pugnas,
996 1612 1072 1686 qu'ae
1093 1603 1247 1666 veteribus
1269 1622 1330 1665 non
1353 1603 1391 1666 ab

58 1692 187 1772 ingressu
204 1691 288 1755 Solis
308 1693 339 1755 in
359 1694 512 1769 Arietem,
535 1695 589 1756 sed
610 1695 647 1756 ab
670 1701 776 1756 exortu
793 1693 955 1757 Caniculae
977 1694 1180 1775 repetebatur.
1224 1692 1392 1754 Dicendum

59 1788 98 1843 est
110 1782 217 1863 itaque
235 1781 304 1863 qnid
319 1782 472 1864 impediat,
489 1802 547 1864 quo
562 1783 659 1845 minus
675 1784 712 1844 de
726 1784 784 1846 hac
799 1783 898 1864 possit
911 1782 1040 1862 intelligi
1053 1781 1169 1844 Lucani
1183 1781 1268 1844 locus
1279 1780 1391 1844 'tuum-

59 1889 104 1952 que
120 1871 200 1933 coeli
218 1872 350 1934 schema.
375 1872 462 1948 Esto,
479 1872 590 1934 dixerit
604 1869 754 1947 Lucanus,
771 1871 874 1935 Solem
890 1891 957 1934 esse
973 1872 1004 1934 in
1018 1872 1136 1947 Leone,
1158 1871 1301 1954 quidhoc
1317 1870 1392 1934 iacit

59 1961 90 2022 ad
102 1961 354 2041 praedictionem,
370 1962 409 2024 ad
419 1961 525 2041 judicii
541 1961 750 2024 formationem
765 1963 802 2023 de
818 1961 939 2024 ineunte
956 1961 1055 2025 anno?
1283 2040 1285 2043 ι
1378 2013 1379 2017 ι

136 2048 191 2112 Sic
208 2050 289 2111 enim
303 2049 472 2119 incendium
487 2051 588 2113 mundi
604 2051 765 2131 quotannis
780 2050 1003 2132 praedicemus3
1027 2050 1097 2133 quia
1114 2049 1139 2112 si
1149 2049 1232 2114 Solis
1247 2047 1390 2112 inLeone

53 2137 204 2218 ingressus
221 2139 374 2213 coincidit,
389 2139 460 2201 tunc
476 2152 543 2201 cum
553 2146 659 2202 exortu
670 2138 835 2204 Caniculae
851 2139 1057 2203 nonunavice'
1072 2139 1392 2220 sedperplurimorum

57 2246 195 2288 annornm
228 2227 337 2290 seriem
364 2226 507 2291 coincidit
533 2228 710 2310 quotannis,
740 2229 803 2293 acsi
833 2229 1008 2293 hodiernum
1036 2229 1144 2310 vulgus
1170 2229 1392 2315 astrologomm

57 2334 89 2377 ex
101 2316 291 2378 revolutione
306 2318 408 2379 mundi
424 2337 477 2380 seu
492 2337 633 2398 regressu
649 2316 730 2386 Solis
751 2318 781 2380 in
797 2317 951 2394 Arietem,
965 2318 1034 2399 quia
1050 2317 1104 2381 Sol
1120 2317 1152 2381 in
1169 2319 1256 2381 domo
1272 2318 1392 2394 Martis,

57 2404 115 2467 ideo
130 2406 216 2468 bella
232 2405 342 2468 futura
530 2442 535 2448 ·
1011 2440 1014 2445 »
1370 2440 1372 2451 ·

136 2494 236 2575 Atqui
252 2514 307 2557 nec
324 2494 367 2557 sic
384 2500 444 2570 est,
465 2495 511 2557 uti
526 2496 691 2558 contendis.
723 2494 777 2559 Sol
793 2495 871 2558 enim
891 2496 922 2559 in
938 2495 1056 2562 Cancro
1076 2503 1137 2572 eat,
1157 2516 1217 2559 non
1235 2495 1267 2558 in
1281 2493 1393 2559 Leone.

59 2583 97 2644 Tu
111 2583 156 2645 ais
171 2592 295 2646 veteres
319 2584 366 2646 die
385 2584 515 2647 18.Julii
540 2586 687 2648 collocare
704 2585 807 2649 Solem
828 2586 859 2648 in
875 2582 913 2648 0⁰
929 2591 961 2662 ti.
1006 2585 1073 2666 Ego
1094 2604 1166 2648 vero
1187 2584 1300 2647 nullum
1320 2585 1391 2647 scio.

59 2672 126 2735 Peto
149 2673 207 2735 abs
228 2681 260 2735 te
281 2674 354 2736 mihi
380 2693 470 2736 unum
498 2674 632 2737 indicari.
679 2675 817 2757 Scaliger
842 2676 872 2737 in
892 2682 1111 2757 parapegmate
1133 2674 1240 2748 Attico
1263 2673 1313 2735 lib.
1338 2673 1392 2735 IV.

59 2762 102 2823 lol
116 2763 182 2826 232
197 2763 313 2839 relato,
335 2764 414 2847 quod
429 2782 467 2826 ex
484 2762 611 2826 Gemino
635 2764 841 2839 concinnavit,
865 2764 951 2846 ponit
970 2764 1086 2826 initium
1107 2766 1227 2833 lcareos
1238 2762 1310 2826 VII.
1325 2760 1392 2826 Oal.

58 2851 128 2932 Aug.
145 2871 185 2913 ex
199 2852 367 2927 Dositheo,
390 2872 427 2916 ex
442 2853 570 2914 'Metone
590 2854 661 2915 XII.
678 2853 743 2917 Cal.
759 2854 854 2934 Aug,
876 2873 913 2915 ex
938 2854 1065 2915 Eudoxo
1085 2854 1125 2916 X.
1142 2852 1206 2916 Cal.
1222 2852 1301 2932 Aug.
1344 2851 1393 2914 De
1428 2880 1430 2887 v

1 2976 3 2990 ·
59 2938 156 3003 latidis
173 2941 382 3021 scriptoribus,
398 2949 546 3022 quotquot
559 2942 681 3005 Iuliana
697 2944 793 3005 forma
806 2944 862 3016 usi,
879 2950 993 3005 certum
1009 2950 1065 3016 eat,
1081 2943 1249 3022 ingressum
1265 2941 1346 3004 Solis
1362 2940 1392 3002 in
1470 3024 1472 3029 .

59 3028 138 3109 signa
160 3030 282 3092 circiter
296 3030 382 3092 VIII.
399 3030 464 3092 Oal.
480 3030 628 3093 retulisse.
672 3031 793 3094 Fateris
810 3033 885 3100 adeo
906 3031 971 3111 ipse
992 3032 1030 3092 de
1045 3030 1096 3093 25.
1105 3031 1186 3094 Julii.
1218 3029 1281 3093 Sed
1295 3030 1392 3104 video,
1541 3034 1544 3041 “

59 3125 85 3178 te
100 3138 223 3180 causam
247 3118 394 3199 opinionis
416 3120 591 3200 pagenthesi
614 3121 884 3200 comprehendisse.
930 3118 1010 3183 Sunt
1032 3120 1109 3182 enirn
1131 3121 1206 3183 haec
1223 3126 1277 3182 tna
1291 3119 1393 3192 verba,

58 3206 101 3269 18.
109 3208 171 3270 Jul.
196 3202 324 3288 (octava
340 3227 381 3269 sc.
398 3209 444 3270 die
468 3215 539 3270 aute
563 3209 642 3271 diem
660 3209 710 3272 25.
727 3204 824 3291 Julii).
869 3209 986 3271 Tritum
1005 3210 1063 3271 hoc
1082 3217 1219 3272 vetemm
1239 3208 1392 3290 ipsiusque

57 3294 173 3359 Eudoxi
187 3297 323 3359 habuisti
338 3298 368 3358 in
382 3297 489 3372 animo,
506 3298 639 3361 solstitia
645 3299 676 3362 in
687 3300 803 3362 octavis
813 3298 950 3381 partibus
961 3299 1114 3380 signomm
1129 3299 1241 3362 confici.
1272 3298 1320 3362 Er
1335 3299 1393 3361 hoo

55 3403 84 3445 es
99 3393 331 3466 argumentatus
347 3387 377 3448 in
392 3387 471 3448 hunc
487 3388 621 3449 modum:
646 3388 810 3450 solstitium
831 3408 901 3450 vere
918 3387 1132 3462 conficiebatur
1153 3389 1317 3451 scientibus
1333 3387 1392 3450 illis

55 3473 191 3536 tttnnii
209 3483 242 3536 et
262 3475 294 3536 in
310 3483 419 3537 octavo
436 3490 468 3541 Θ
486 3495 523 3538 ex
538 3476 656 3538 illomm
678 3478 825 3558 opinione.
870 3477 968 3556 Igitur
991 3495 1029 3538 ex
1043 3478 1162 3540 illomm
1183 3479 1321 3559 opinione
1338 3476 1392 3539 Sol

54 3563 193 3626 samnii
209 3570 258 3626 est
271 3565 302 3626 in
318 3560 357 3628 8⁰
373 3578 415 3639 es,
432 3563 481 3627 25.
497 3565 569 3627 Julii
585 3565 616 3628 in
631 3562 670 3628 8⁰
687 3571 725 3642 Il?
748 3566 874 3648 proinde
897 3566 945 3628 18.
959 3566 1033 3629 Iulii
1052 3567 1083 3628 in
1099 3562 1138 3630 0·
1154 3571 1187 3643 tl.
1233 3566 1347 3629 Statim
1359 3565 1407 3628 in·

52 3653 144 3733 prima
160 3653 347 3723 assumtione
362 3661 515 3735 peccatur.
544 3655 624 3717 Nam
641 3656 699 3718 etsi
716 3656 834 3738 quidem
849 3655 880 3718 in
896 3675 974 3717 anno
983 3656 1114 3731 Iuliano,
1126 3657 1173 3718 uti
1187 3656 1214 3719 is
1230 3655 1392 3720 aCaesare

51 3742 188 3822 primitus
202 3743 261 3804 fnit
275 3742 443 3818 institutus,
456 3743 613 3806 verissime
629 3742 793 3808 sclstitium
807 3740 887 3807 circa
902 3745 1034 3808 autulii
1049 3746 1220 3808 incidisset:
1243 3746 1275 3808 id
1290 3755 1393 3807 tamon

51 3851 106 3893 non
123 3831 217 3894 scivit
238 3831 360 3911 vulgus,
382 3850 442 3893 non
465 3833 580 3894 fassum
602 3840 651 3895 est
672 3834 793 3915 vulgus:
816 3834 939 3914 putavit
960 3834 1054 3909 enirn,
1077 3835 1183 3897 diebus
1204 3833 1392 3915 Sposterins

51 3920 118 3983 ieri.
163 3920 245 3983 Huic
268 3921 401 4001 opinioni
423 3920 529 3984 savena
552 3921 682 3996 Caesar,
704 3931 739 3985 ut
759 3923 883 4004 pulchre
907 3924 1041 4004 explicat
1063 3923 1216 4006 Scaliger,
1240 3923 1397 4009 calendas

50 4029 150 4073 omnes
167 4009 250 4072 circa
266 4017 392 4072 octavas
409 4011 561 4091 elgnomm
577 4012 690 4087 retulit,
710 4020 746 4074 ut
761 4032 856 4074 annus
873 4012 989 4074 scilicet
1005 4034 1023 4074 a
1038 4013 1120 4094 vulgi
1136 4013 1242 4075 fictitio
1259 4011 1392 4075 solstitio

50 4099 143 4162 iniret
194 4096 384 4181 Quamquam
397 4099 446 4162 bic
461 4100 557 4162 multa
579 4101 709 4180 interjici
726 4103 872 4186 deberent
893 4103 933 4163 ad
947 4103 1277 4174 Eudoxitraditionem
1292 4100 1391 4181 expli-

50 4190 185 4251 candam.
231 4189 307 4250 'lhos
331 4188 410 4250 enlm
431 4190 712 4269 possuntexistere
736 4191 900 4271 opiniones.
945 4191 1048 4254 Prima
1070 4192 1177 4254 nititur
1198 4211 1274 4253 voce
1289 4211 1392 4271 τροπη.

51 4275 97 4341 Sol
111 4278 211 4358 igitur
226 4277 292 4339 dies
305 4277 345 4339 14
356 4285 439 4339 stare
454 4284 588 4359 putatur,
604 4274 623 4342 7
640 4286 712 4342 ante
727 4302 765 4342 so
780 4301 898 4359 scarpo,
914 4277 934 4344 ’i
950 4288 1029 4362 post,
1057 4288 1167 4343 octavo
1183 4280 1246 4354 die,
1270 4299 1336 4342 cum
1361 4278 1392 4341 ln
1461 4324 1465 4331 -

52 4375 155 4430 octava
170 4373 262 4448 parte
285 4367 365 4447 signi
387 4374 525 4430 acentro
547 4367 675 4431 bmmali
697 4370 746 4431 vel
771 4370 887 4432 aestivo
904 4369 1060 4445 consistit,
1078 4370 1144 4450 jam
1166 4369 1271 4450 incipit
1287 4368 1392 4431 sentiri

51 4450 171 4536 irponq
195 4456 322 4536 diesque
339 4456 522 4519 sensibiliter
537 4465 685 4520 crescunt.
721 4460 807 4520 Haec
822 4478 883 4521 una
905 4466 954 4521 est
976 4458 1032 4520 sed
1045 4458 1203 4521 imbecillis
1220 4458 1391 4540 explicatio.

53 4544 185 4610 Secunda
210 4544 342 4607 sumitur
371 4564 408 4606 cs
432 4546 528 4608 forma
553 4546 695 4628 loquendi
717 4548 871 4622 Romana,
900 4566 996 4629 quam
1023 4548 1055 4610 in
1086 4546 1252 4614 Censorino
1286 4548 1392 4629 reperi.

53 4633 136 4710 siuns
154 4633 345 4717 aequinoctii
367 4635 536 4697 conlectum
552 4636 652 4698 dicere
675 4637 828 4712 solebant,
851 4638 969 4719 qnando
989 4643 1162 4717 tempestas
1178 4656 1291 4713 annua,
1314 4655 1390 4719 quae

54 4724 119 4789 drea
141 4723 373 4810 aequinoctium
395 4724 515 4786 solebat
535 4723 572 4786 iis
596 4724 766 4789 climatibus
787 4726 935 4801 incidere,
959 4726 1166 4789 desaeviisset
1212 4728 1280 4790 Hoc
1302 4727 1390 4790 modo
1474 4739 1479 4752 ‘

1 4841 2 4848 .
56 4814 120 4880 s'drn
136 4818 279 4888 brumae,
299 4812 422 4877 solstitii
438 4813 620 4896 aequinoctii
635 4815 666 4876 in
682 4816 800 4879 octarh
817 4814 970 4897 signomm
985 4816 1252 4894 confici,sonarst
1266 4817 1390 4901 perinde

1 4920 3 4983 l
