3150 5482
220 218 283 282 606
771 215 886 268 &sunus
903 201 974 268 ΡΜ.

221 389 361 457 lindrum
382 409 440 474 per
463 409 563 468 axem,
587 388 628 455 lo
655 387 811 455 nameus
838 388 940 455 basis:
972 389 1069 456 ducta
1102 389 1204 473 igitur
1225 390 1330 456 Alco
1354 411 1432 459 area
1451 395 1480 461 iu
1496 395 1525 462 lt

221 480 412 546 diametrum
426 478 526 555 basis,
550 484 677 544 creatur
688 479 995 564 'parallelepipedum
1011 481 1245 562 rectangulurn,
1264 483 1356 564 qnod
1372 485 1527 565 cylindrum

220 569 354 650 stringit.
392 566 434 633 Ut
443 569 538 649 igitur
553 567 662 655 llad·
673 572 721 645 11,
734 570 779 633 sio
786 566 846 633 hoo
859 567 1162 651 parallelepipedum
1182 567 1225 633 ad
1245 568 1387 653 cylindri
1409 575 1459 638 sui
1477 596 1528 639 cor·

222 679 291 741 pue,
315 677 372 740 per
393 656 494 721 theor.
517 656 574 720 Ill.
596 656 790 739 praemissae
812 657 1058 722 stereometriae'
1070 656 1280 740 regularium.
1322 659 1412 742 Ergo
1432 663 1529 746 inqu

219 746 324 829 ligura
354 766 393 811 ex
420 745 468 824 iis,
501 765 583 827 quae
613 743 734 810 habent
759 744 902 809 eandem·
921 744 1090 828 diagonion
1117 746 1196 825 AC,
1214 747 1397 813 maximum
1420 759 1468 816 est
1485 751 1529 817 hoo

220 832 533 919 parallelepipcdum,
565 831 610 898 ibi
643 840 675 899 et
707 833 849 917 cylinder
877 840 925 899 est
954 833 1122 899 maximus
1175 837 1220 900 At
1248 835 1285 900 in
1319 835 1437 918 figura,
1460 843 1530 923 cujus

78 924 89 935 “
219 922 288 989 Ale
312 929 361 993 est
383 921 514 985 dimidia
535 923 639 998 sectio,
663 943 727 987 non
750 934 799 988 est
821 922 995 987 maximum
1015 921 1075 987 hoc
1096 913 1425 1008 parallelepipedum,
1448 950 1529 1012 qnan-

220 1013 338 1078 tumvis
360 1005 438 1073 area
460 1010 578 1075 sectrix
600 1010 697 1075 Alco
721 1012 761 1075 sit
784 1012 937 1076 maxima:
962 1009 1048 1094 quod
1070 1011 1114 1076 sic
1136 1010 1335 1079 demonstro.

307 1098 355 1164 Sit
383 1099 416 1162 in
446 1098 624 1182 quadrante
654 1097 698 1164 ΙΑ
725 1106 892 1182 punctum·
906 1099 937 1163 Η
966 1101 1146 1183 proximum
1167 1107 1288 1184 puncto
1311 1103 1337 1181 Ι,
1364 1104 1480 1188 quippe
1496 1105 1529 1170 ad

219 1186 320 1269 finernj
335 1186 534 1275 quadrantis.
588 1188 669 1252 Cum
692 1207 767 1269 ergo
802 1187 885 1255 AHC
916 1188 959 1253 sit
982 1188 1046 1252 alia
1067 1187 1176 1271 figura,
1202 1210 1304 1273 quam
1327 1192 1413 1270 Alc,
1438 1203 1468 1258 et
1485 1193 1529 1258 hs·

174 1319 179 1330 ·
218 1276 295 1342 beat
317 1274 450 1340 eandem
472 1297 544 1341 cum
566 1275 631 1355 illa¹
646 1276 815 1358 diagonioe
837 1276 902 1356 AO,
923 1276 989 1343 sint
1014 1297 1090 1343 sero
1112 1276 1193 1355 Alc,
1217 1277 1306 1344 nflc
1330 1300 1431 1345 areae
1452 1281 1487 1346 ad
1503 1304 1529 1347 se

218 1366 358 1444 invicem,
390 1375 427 1429 ut
457 1364 731 1448 perpendiculares
760 1385 872 1430 earum
901 1364 958 1446 IN,
991 1365 1068 1430 HM:
1093 1374 1186 1432 erunt
1206 1367 1243 1431 in
1266 1366 1332 1432 fine
1358 1370 1529 1452 quadrua

219 1456 304 1521 inter
326 1474 361 1517 se
382 1454 415 1517 in
437 1453 569 1532 minima
591 1455 795 1537 proportione
817 1461 850 1518 et
871 1454 1013 1537 proxime
1035 1454 1197 1537 aequales,
1220 1457 1299 1538 quia
1323 1459 1426 1524 etiarn
1447 1458 1528 1524 lineae

219 1543 275 1622 IN,
299 1543 373 1621 ΗΜ,
397 1541 566 1612 intervallo
587 1549 676 1608 certo
697 1542 780 1608 inter
802 1562 837 1606 se
858 1551 1011 1622 remotae,
1035 1542 1068 1609 in
1090 1545 1220 1609 minima
1243 1544 1288 1609 ad
1311 1545 1453 1612 invicem
1471 1557 1529 1613 sunt

219 1632 436 1716 proportione3
467 1651 552 1714 quae
580 1631 744 1715 proportio
773 1631 857 1703 inter
891 1630 1017 1703 easdem
1046 1652 1171 1716 semper
1195 1634 1306 1698 eradit
1329 1639 1456 1721 major,
1481 1658 1528 1719 qm

217 1719 346 1805 propius
379 1719 453 1784 illae
476 1719 517 1784 ad
541 1718 577 1798 Α,
607 1719 733 1801 initium
763 1719 967 1803 quadrantis,
1000 1720 1109 1785 eodem
1142 1722 1225 1786 iuter
1256 1722 1349 1805 ipsas
1381 1725 1527 1790 intervallo

217 1816 376 1888 manente,
400 1808 599 1873 accesserint
634 1807 737 1890 Atqui,
762 1816 798 1894 ut
820 1830 935 1891 corpus
954 1804 1092 1889 dreetur,
1114 1810 1215 1874 lineae
1229 1810 1282 1893 CI,
1306 1812 1367 1878 CH
1384 1813 1527 1878 ducendae

217 1894 345 1964 suntin
368 1918 460 1961 areas
489 1896 575 1977 nic,
608 1896 701 1974 AHC,
731 1905 763 1961 et
784 1915 842 1980 per
864 1896 1155 1981 aequipollentiam,
1178 1908 1214 1964 ut
1236 1903 1462 1984 rectangulurn
1481 1902 1527 1966 sub

145 2042 152 2057 ,
218 1986 272 2065 NI,
295 1986 338 2063 10
361 1985 404 2050 ad
426 1984 648 2068 rectangulum
670 1984 730 2051 sub
752 1985 831 2064 ΜΗ,
866 1985 931 2063 HC,
963 1987 1007 2051 sic
1029 2007 1144 2069 corpus
1167 1988 1440 2074 parallelepipedi
1460 1989 1527 2056 AlCl

123 2095 127 2102 “
217 2075 259 2141 ad
281 2095 398 2158 corpus
420 2074 552 2153 AHCH;
588 2074 678 2157 atqui
700 2076 802 2158 major
826 2082 875 2150 eat
900 2075 1064 2157 proportio
1087 2074 1142 2139 Hc
1165 2075 1208 2139 ad
1232 2075 1286 2155 CI,
1311 2100 1417 2160 quam
1437 2074 1477 2146 lli
1494 2078 1526 2142 ad

220 2164 301 2245 HM;
324 2184 408 2227 num¹
423 2163 463 2231 01
486 2160 647 2229 subtendit
662 2162 881 2246 quadrantem,
908 2162 963 2228 CH
973 2162 1071 2246 paulo
1094 2163 1177 2246 plus,
1201 2171 1235 2230 et
1251 2165 1405 2249 ipsarum
1420 2168 1526 2234 dimidia

217 2258 293 2317 sunt
323 2250 604 2335 perpendiculares
633 2249 754 2316 dimidii
782 2250 967 2334 quadrantis
989 2258 1022 2323 et
1044 2251 1139 2336 paulo
1162 2253 1250 2336 plus:
1264 2310 1268 2318 .
1283 2254 1364 2320 illae
1386 2277 1525 2322 veronen

214 2340 343 2417 suntin
365 2340 495 2404 minima
515 2340 597 2405 inter
619 2360 653 2404 se
676 2341 895 2423 proportione,
919 2339 1036 2424 quippe
1058 2343 1195 2423 quaein
1217 2343 1329 2409 medio
1355 2345 1524 2429 quadrantis

216 2426 319 2513 major
342 2436 391 2494 est
420 2449 517 2511 quam
545 2430 578 2495 iu
599 2427 679 2508 fine,
698 2423 821 2494 'eodem
851 2428 1003 2512 utrinque
1032 2430 1355 2512 perpendicularium
1378 2433 1523 2500 munda

215 2519 388 2602 supposito.
434 2516 518 2600 Ergo
542 2517 696 2582 existente
719 2516 830 2582 eodem
851 2516 1161 2601 perpendicularium
1191 2520 1378 2601 intervallo,
1403 2523 1524 2607 quodsit

215 2607 383 2678 dimidium
412 2626 505 2671 arcus
532 2605 587 2685 ΗΙ,
619 2605 895 2689 perpendiculares
925 2605 1011 2671 circa
1032 2604 1127 2671 finem
1149 2608 1350 2691 quadrantis
1373 2610 1391 2675 l
1412 2611 1523 2677 suntin

215 2698 336 2762 minore
357 2694 578 2778 proportione,
611 2715 709 2777 quam
738 2694 889 2760 dimidiae
912 2692 961 2775 01,
987 2693 1043 2760 CH
1065 2695 1150 2760 circa
1172 2697 1318 2763 medium
1343 2701 1522 2784 quadrare,

184 2802 187 2809 ⁴
217 2784 371 2850 onustes
395 2783 492 2848 etiam
521 2782 652 2848 dimidio
679 2803 779 2848 arcus
808 2782 863 2846 HI.
908 2784 1043 2850 Etcum
1065 2784 1272 2852 dimidiarum
1296 2787 1350 2868 01,
1376 2789 1432 2855 CH
1452 2788 1523 2854 diffe-

213 2874 321 2954 rentia
341 2872 385 2937 sit
406 2873 518 2955 major,
542 2892 640 2955 quam
662 2871 978 2955 perpendicularium
995 2871 1037 2936 ad
1059 2871 1086 2952 I,
1109 2894 1196 2956 quae
1218 2875 1356 2950 dimidio
1379 2898 1469 2943 arcus
1488 2874 1527 2943 Hl

214 2961 348 3040 distem,
380 2966 521 3026 totarum
549 2960 645 3043 igitur
674 2959 723 3041 Ol,
746 2958 805 3025 ,οΗ
828 2958 1014 3040 differentia,
1046 2962 1162 3045 prioris
1182 2962 1317 3047 duplex,
1343 2967 1408 3032 erit
1428 2968 1520 3050 major,

213 3071 309 3134 quam
331 3049 638 3141 perpendicularium
664 3047 722 3128 IN,
752 3048 824 3127 HM,
855 3054 924 3137 toto
946 3070 1023 3115 arou
1048 3049 1105 3115 HIr
1118 3050 1321 3120 mannum.
1371 3054 1423 3120 lu
1442 3052 1520 3122 coni·

214 3139 303 3219 citur,
327 3141 480 3223 majorem
502 3159 573 3203 esse
594 3135 806 3208 differentiam
826 3139 909 3204 iuter
930 3136 1017 3203 leet
1035 3138 1100 3218 CH,
1125 3161 1224 3223 quam
1236 3142 1323 3207 inter
1336 3144 1405 3210 HM
1426 3152 1456 3210 et
1474 3143 1518 3209 Ill.

212 3226 341 3311 ltaque,
373 3227 433 3291 etsi
464 3226 528 3292 HM
555 3225 710 3291 secundae
738 3224 931 3308 figuraecst
952 3225 1049 3311 paulo
1074 3229 1182 3298 'minor
1204 3252 1311 3312 quam·
1330 3232 1380 3296 IN
1402 3235 1519 3319 prime:

213 3315 353 3401 vicissim
370 3322 477 3391 tamen
500 3313 733 3380 OHsecundae
755 3313 873 3397 figurae
896 3322 944 3380 est
965 3314 1066 3382 multo
1089 3321 1192 3403 major
1214 3336 1317 3401 quam
1343 3322 1387 3388 CI
1409 3323 1519 3406 prinae

212 3404 325 3489 May'us
341 3403 516 3489 estqigitur
541 3403 761 3485 rectaugulum
783 3403 874 3469 MHc
896 3425 994 3487 quam
1017 3404 1105 3486 NIG,
1138 3413 1171 3471 et
1202 3407 1249 3472 sio
1271 3414 1381 3494 maJ‘or
1403 3410 1522 3496 cylinder

213 3495 346 3578 ejusque
377 3491 683 3576 parallelepipedum
717 3491 972 3577 AHCH,„quam
994 3491 1090 3573 AICI,
1115 3515 1187 3559 cum
1210 3516 1228 3559 e
1253 3501 1421 3565 contrario
1442 3499 1522 3583 ipsius

212 3580 349 3665 cylindri
362 3579 486 3656 ,ΑΗΗΗ
508 3600 585 3645 area
606 3580 723 3646 sectrix
744 3579 830 3645 AHG
852 3582 954 3647 minor
981 3589 1078 3646 antea
1097 3582 1194 3648 fuerit
1216 3606 1319 3667 quam
1339 3587 1426 3654 Alc.
1465 3586 1523 3651 Nou

214 3675 263 3735 est
287 3670 385 3754 igitur
411 3669 575 3753 proportio
606 3690 776 3754 corporum
802 3670 899 3749 Alcl,
922 3668 1040 3736 ΑΗΟΗ
1062 3671 1199 3755 analoga
1219 3677 1428 3758 proportioni
1448 3695 1522 3740 ares·

212 3780 283 3824 rum
312 3758 394 3839 Ale,
423 3756 519 3823 ΑΗΘ.
564 3756 607 3823 Et
634 3756 704 3823 Alo
734 3757 862 3841 quidem
894 3770 944 3824 cst
973 3760 1111 3824 maxima
1131 3758 1286 3826 arearum
1308 3784 1413 3848 super
1433 3765 1521 3831 esdeu

114 3881 117 3893 ι
213 3846 369 3930 diagonio,
394 3866 509 3930 eorpus
531 3866 605 3912 vero
626 3845 715 3912 AIGI
737 3867 801 3912 non
824 3852 873 3911 est
894 3846 1076 3929 maximum,
1100 3847 1156 3913 aed
1168 3849 1288 3915 AHCH
1312 3858 1521 3938 esteomajua

588 3992 712 4048 Praxi·
733 4001 767 4047 et
785 4010 845 4063 per
865 4010 936 4048 eam
962 4011 1150 4049 successus.

300 4107 367 4164 Cum
386 4126 501 4184 corpora
521 4111 591 4166 cxl
612 4110 701 4163 adhuc
727 4117 853 4165 crescant
878 4125 973 4164 versus
993 4112 1034 4173 Η,
1061 4109 1186 4180 inquisivi
1210 4113 1367 4184 logistica,
1394 4117 1440 4171 ubi
1462 4118 1519 4168 esset

213 4205 310 4258 corpus
336 4190 499 4251 maximum:
524 4208 577 4244 non
603 4189 673 4243 enirn
699 4190 796 4244 crescit
822 4207 919 4260 corpus
943 4190 1072 4244 'continue
1098 4191 1233 4260 usquein
1254 4201 1295 4256 Α.
1317 4199 1370 4250 sad
1393 4199 1420 4251 in
1438 4194 1518 4249 ricinia
1569 4246 1570 4250 ,

212 4269 296 4339 ipsius
316 4275 341 4324 Λ
362 4286 468 4323 rursum
489 4257 655 4330 attenuatur,
678 4276 707 4323 et
726 4287 859 4324 unacum
880 4286 948 4323 mea
964 4269 1034 4325 ABG
1056 4272 1166 4323 tandem
1187 4271 1214 4325 in
1231 4279 1256 4328 A
1279 4274 1307 4328 in
1330 4278 1444 4332 nihilum
1461 4273 1516 4329 mli·
1574 4308 1575 4312 κ

211 4351 296 4420 gitur,
318 4352 425 4419 quaudo
446 4350 561 4403 altitudo
582 4348 705 4420 cylindri,
727 4351 871 4420 analogice
892 4352 1034 4421 loquendo,
1053 4356 1183 4418 punctum
1206 4360 1264 4415 est,
1287 4371 1326 4409 sc.
1348 4363 1384 4420 Δ,
1405 4358 1516 4411 diameter

211 4446 278 4484 vero
300 4430 373 4483 basis
393 4428 449 4492 AC,
471 4429 622 4483 coincidens
643 4445 703 4482 cunr
723 4429 860 4500 diagonio.

300 4512 446 4564 Processus
467 4510 511 4562 hic
531 4510 595 4562 ilrit:
617 4509 703 4562 sinum
724 4525 803 4562 arcus
822 4511 883 4571 ΑΗ,
904 4510 952 4565 ΔΒ
972 4507 1151 4577 multiplicari
1171 4509 1199 4564 in
1219 4510 1312 4566 sinum
1334 4516 1435 4570 dimidii
1452 4529 1514 4567 mus

211 4588 268 4652 HC,
287 4589 334 4643 Bc
353 4605 404 4658 per
424 4606 515 4642 omnes
536 4587 694 4660 quadrantis
720 4589 824 4660 gradus
844 4589 946 4642 ordine.
987 4587 1054 4641 Cum
1079 4596 1172 4643 autern
1193 4590 1230 4644 sit
1251 4595 1385 4651 medicas
1407 4592 1513 4662 multipli-

212 4667 283 4741 catio
305 4669 419 4730 sinuum,
440 4669 533 4736 accipe
553 4681 706 4737 processum
727 4668 893 4722 breviorem:
919 4669 956 4722 sit
975 4667 1118 4738 diagonios
1140 4669 1192 4732 20,
1214 4674 1387 4742 quadratum
1405 4678 1469 4736 400,
1486 4673 1513 4724 sit

212 4747 330 4807 altitudo
349 4749 400 4804 AG
424 4750 449 4811 l,
470 4750 633 4819 quadratrun
645 4750 669 4810 l;
690 4747 741 4801 hoe
762 4749 857 4802 ablato
877 4766 896 4804 a
910 4748 978 4815 400,
997 4752 1087 4803 restat
1106 4751 1277 4820 quadratum
1297 4755 1385 4824 ipsius
1404 4755 1446 4810 GC
1457 4752 1510 4807 399:
