3142 5482
574 217 655 269 Natta
673 217 788 271 Editorls.
1277 221 1338 285 535

15 401 215 469 iuterpretuim
241 398 338 470 borum
358 414 422 454 sero
443 396 531 452 versio
553 396 639 453 sicubi
664 400 802 472 discrepat
821 406 853 455 ut
872 400 916 456 bic
936 401 972 456 ab
993 399 1134 473 originali,
1160 417 1213 456 non
1237 401 1341 472 poterit

15 482 55 535 illi
78 495 263 550 praerogare,
284 479 355 548 quod
375 494 506 532 consensu
527 480 644 548 probant
662 481 762 536 omnes.
856 514 858 522 ι

111 561 159 614 23.
190 560 242 613 Hic
263 559 448 611 Grammatico
472 565 564 613 moret
582 558 734 628 jucundam
754 560 874 632 aliqum
899 560 1083 634 quaestionem
1104 568 1187 615 extra
1211 561 1339 615 ordinem

15 641 90 694 [len.
113 656 176 708 cap.
197 639 246 692 ΙΧ.
258 642 491 691 commemoratur
511 637 604 708 aliqua
627 639 744 694 historia
768 641 957 717 denudationis
976 640 1050 694 Semi
1071 642 1164 709 (Noae)
1184 648 1213 695 et
1232 641 1340 694 videtur

15 721 91 773 baec
112 718 230 776 historia
254 734 306 770 non
333 719 404 770 nude
432 726 544 787 propter
564 736 594 770 se
615 717 701 788 ipsam
725 721 832 784 relata,
858 722 907 773 s'ed
931 727 1043 790 propter
1070 720 1161 782 aliud,
1187 737 1282 790 nempe
1304 723 1339 774 ad

15 800 204 868 explicandas
225 807 331 858 causas,
352 813 401 865 cur
420 798 485 851 talis
499 797 584 851 fuerit
603 799 730 853 instituta
749 801 844 854 divisio
864 807 964 854 terrae.
989 801 1122 853 Voluntas
1134 799 1242 854 enimet
1256 802 1338 853 bene·

15 880 157 932 dictiones
171 879 248 931 Noae
269 862 380 929 fuerunt
399 877 458 945 eJ'us
477 877 539 932 filiis
560 880 731 932 oraculorum
751 879 838 934 loco
831 895 858 933 ι6
879 881 1040 958 peragenda
1059 880 1112 932 bac
1127 879 1265 932 divisiones
1295 880 1339 933 Sic

15 960 93 1012 enirn
115 956 322 1010 etiamJosua
315 974 341 1009 in
362 956 493 1010 divisione
513 963 606 1010 terrae
626 959 750 1026 respexit
770 961 806 1013 ad
821 966 1012 1014 ιιιιιιι6ι6ιιιι6
1022 959 1126 1011 Jacobi.
1157 960 1233 1021 Quod
1254 959 1339 1030 igitur

15 1039 106 1091 fuerit
126 1037 171 1090 hic
192 1052 288 1105 scopus
313 1022 492 1099 narrationis,
517 1037 626 1090 videtur
651 1039 759 1092 elucere
785 1056 822 1092 ex
841 1040 981 1109 ingressu,
1008 1053 1086 1111 quem
1107 1039 1197 1092 Moses
1218 1039 1283 1092 fecit
1303 1041 1339 1093 ad

15 1119 109 1179 illam
133 1117 171 1169 sic
191 1134 216 1169 n.
239 1121 331 1168 sonat.
353 1125 434 1168 eram
455 1134 521 1186 erpo
538 1116 598 1185 fita·
612 1116 700 1177 Noae,
722 1120 772 1187 qui
792 1121 901 1189 egressi
921 1126 989 1171 aaut
1009 1119 1045 1170 dc
1065 1135 1151 1170 orca:
1172 1118 1242 1177 Seia.
1257 1118 1340 1171 Obosa

15 1207 40 1249 ιι
63 1195 202 1266 Japliesl.
243 1194 340 1248 Porro
361 1194 476 1256 Uliam
464 1214 528 1266 apae
549 1204 592 1250 ιιι
613 1205 697 1268 poter
719 1197 844 1252 Coacon
886 1197 959 1252 Yrce
980 1200 1033 1251 isti
1048 1198 1109 1266 filis·
1130 1206 1199 1251 suat
1218 1197 1292 1256 Noc,
1313 1205 1339 1249 et

15 1279 50 1329 ab
75 1278 124 1329 dis
146 1277 360 1328 dissentientem
380 1284 423 1328 ιιι
444 1293 520 1328 omne
558 1293 628 1330 enus
649 1277 786 1331 ιοιιιίιιιιιιι
806 1294 896 1348 caper
916 1278 1078 1333 uniuersam
1097 1276 1223 1332 Terram
1255 1277 1339 1340 Quasi

15 1358 127 1410 diceret
148 1357 251 1408 Moses:
272 1371 332 1408 cum
352 1355 401 1409 sim
422 1291 557 1418 dictami?
573 1358 704 1427 quomodo
725 1357 813 1411 divisa
832 1357 867 1411 sit
881 1358 967 1411 Terra
987 1356 1058 1411 inter
1078 1356 1147 1411 lilios
1161 1357 1247 1420 Noae,
1268 1356 1338 1410 acci·

15 1436 92 1490 derit
112 1452 180 1488 sero
206 1435 346 1504 singulare
372 1435 475 1505 aliquid
496 1435 522 1489 in
542 1436 595 1489 bac
621 1435 752 1490 divisione
777 1453 837 1491 cum
864 1443 937 1490 sorte
957 1433 1155 1506 canaan,'qui
1182 1444 1244 1490 erat
1268 1437 1340 1493 lilius

15 1516 128 1572 [lbami.
149 1516 221 1585 quod
241 1531 281 1567 sc.-
301 1514 358 1583 ipse
377 1511 485 1584 partem
504 1516 604 1586 Syriae
629 1516 778 1570 obtinuerit
802 1523 885 1570 extra
904 1522 1003 1570 sortem
1023 1515 1110 1586 patris
1131 1515 1174 1568 sui
1195 1516 1287 1581 Cbam,
1308 1523 1340 1570 ut

15 1596 60 1649 cui
86 1594 191 1664 obtigit
211 1594 306 1649 Africa
318 1600 355 1648 et
373 1594 479 1649 Arabia
498 1595 538 1648 cis
558 1601 587 1648 et
606 1597 681 1649 ultra
699 1611 775 1649 mare
794 1596 913 1657 rubrum,
934 1611 995 1648 cum
1014 1595 1122 1665 reliqua
1134 1594 1217 1665 Syria
1230 1601 1259 1648 et
1271 1596 1340 1650 Asia

15 1677 183 1730 traderetur
208 1674 316 1727 Semitis
342 1681 379 1727 et
395 1674 545 1743 Japetidis3
575 1670 671 1744 hujus
685 1675 771 1745 igitur
799 1674 1037 1735 extraordinariae
1065 1674 1146 1728 sortis
1171 1675 1339 1728 occasionem
1436 1669 1440 1676 ⁴

15 1758 153 1825 pandam.
173 1753 252 1808 simul
266 1754 348 1807 etiam
358 1766 456 1807 causas
476 1754 651 1817 indicaturus,
673 1771 721 1808 cur
735 1756 845 1808 tandem
859 1754 1057 1808 terraCaaaan
1077 1754 1338 1816 cesseritlsraelitia,

15 1853 50 1889 ex
76 1835 251 1904 Arpbaxado
273 1833 401 1896 oriundis,
422 1839 533 1903 etpost
552 1851 599 1888 eos
619 1833 739 1904 Assyriis
760 1851 797 1887 ex
816 1840 902 1889 Assur
922 1833 1043 1895 Semitis,
1069 1833 1146 1903 ipsae
1165 1849 1230 1887 sero
1250 1833 1338 1887 Cana·

15 1931 153 1971 aneorum
173 1913 305 1984 reliquiae
325 1913 464 1983 dispersae
484 1913 613 1967 fuerint
605 1929 633 1967 in
652 1913 792 1983 Europam
811 1899 923 1982 Japbeti
944 1919 1072 1968 sortem

109 2021 157 2075 24.
187 2020 249 2075 lam
270 2021 342 2090 quod
361 2019 572 2074 narrationem'
565 2035 651 2089 ipsam
672 2019 780 2083 attinet,
801 2019 910 2091 quaerit
918 2019 1110 2083 Grammatioa,
1130 2036 1153 2072 ιι
1147 2018 1243 2090 pater
1252 2018 1338 2073 Chani

15 2100 155 2170 peccarit,
177 2115 226 2152 cur
245 2101 306 2153 Noa
325 2099 469 2153 maledixit
489 2116 541 2152 non
561 2098 643 2168 patri,
665 2102 712 2153 aed
732 2099 787 2153 ulio
808 2100 921 2154 Canaan
940 2104 1043 2169 puero?
1062 2100 1102 2152 Et
1119 2099 1228 2152 ridetur
1241 2100 1337 2153 Gram-

15 2181 148 2241 maticae‚
170 2181 241 2249 quod
262 2180 347 2232 Cham
368 2179 434 2232 nibil
453 2179 617 2248 peccaverit,
638 2181 686 2232 sed
704 2181 775 2250 quod
794 2178 907 2234 fortuito
927 2177 1092 2235 incideritin
1105 2185 1277 2248 conspectum
1296 2179 1338 2233 rei

17 2260 223 2315 abominandae
252 2265 446 2330 correptusque
476 2259 600 2312 horrore»
617 2259 766 2329 refugerit,
796 2276 846 2312 nec
871 2267 994 2313 sanctum
1019 2259 1171 2327 putaverit,
1200 2260 1338 2313 oculorum

15 2342 132 2393 suorum
153 2338 273 2408 vestigia
293 2337 370 2408 sequi
391 2340 425 2392 ad
446 2341 595 2409 tegendum
614 2345 735 2408 patrem,
761 2339 905 2409 potiusque
926 2338 1028 2392 dixerit
1053 2338 1198 2407 fratribus,
1225 2347 1338 2409 quorum

15 2426 99 2474 erant
131 2418 221 2471 adbuc
247 2419 317 2472 oculi
345 2418 420 2489 puri,
451 2435 517 2488 quos
544 2425 573 2472 et
592 2434 675 2488 puros
700 2419 899 2481 custodierunt,
930 2434 1027 2472 averso
1056 2418 1183 2488 imgressu
1207 2418 1297 2475 facto
1303 2420 1338 2472 ael

16 2498 170 2570 tegendam
190 2504 304 2566 patrem.

108 2580 156 2633 25
188 2579 264 2639 Quod
285 2577 372 2647 igitur
396 2577 512 2648 legit-ur,
533 2577 595 2631 Noa
615 2533 830 2651 expergefactus
855 2576 1030 2632 maledixisse
1056 2592 1142 2647 puero
1163 2555 1290 2639 canaan,
1311 2576 1338 2631 id

16 2660 142 2713 ridetur
150 2662 205 2711 non
226 2658 311 2726 patris
333 2657 392 2726 ejus
413 2657 498 2711 Cbam
517 2656 614 2711 ultioni
641 2659 748 2720 datum,
769 2657 816 2710 sed
836 2673 890 2710 non
910 2656 1024 2710 obscure
1048 2672 1117 2725 puer
1138 2657 1196 2726 ipse
1217 2657 1337 2717 Canaan,
1361 2667 1364 2675 ’

16 2740 162 2808 impudens
183 2743 212 2789 et
231 2738 376 2805 petulans,
407 2737 533 2808 arguitur
554 2752 572 2790 a
591 2737 653 2790 Noa
672 2737 753 2805 buius
778 2735 861 2799 sacti,
886 2735 984 2806 utqui
1010 2736 1109 2805 sciret,
1135 2743 1247 2805 praeter
1267 2736 1338 2803 bunc

15 2835 135 2887 puerum
155 2816 288 2870 neminem
308 2816 392 2870 fuisse
414 2816 439 2870 in
450 2818 636 2870 tabernaculo.
666 2816 752 2879 Alias,
773 2816 795 2868 ai
810 2815 862 2868 boc
883 2817 969 2869 solum
989 2814 1133 2879 didicisset,
1155 2814 1217 2886 quid
1238 2815 1339 2869 viderit

15 2899 88 2952 ilius
110 2897 170 2964 ejus
192 2896 285 2958 Cham,
307 2914 359 2949 non
380 2897 500 2964 oportuit
520 2896 612 2949 dicere
632 2897 736 2959 Mosen,
758 2895 829 2964 qaid
844 2897 950 2965 feeerit
970 2896 1027 2948 sibi
1044 2896 1127 2964 fitius
1149 2897 1219 2967 ejas.

109 2995 156 3048 26.
186 2996 247 3047 Hae
269 2994 353 3064 igitur
374 3001 452 3046 sunto
473 2996 544 3047 duae
566 2988 760 3048 admonitiones
781 2993 996 3054 Gramniaticae,
1017 3009 1099 3064 super
1118 2991 1150 3045 iis
1171 3000 1230 3046 esto
1250 2993 1337 3046 Theo·

16 3074 113 3144 logiac
136 3062 278 3126 arbitrium
299 3074 444 3128 statuendi.
485 3073 569 3128 lilius
590 3090 626 3126 sc
648 3075 725 3128 Noae
752 3073 852 3126 minor
846 3072 902 3125 bic
928 3079 1037 3126 sonaret
1062 3074 1234 3135 tantundem,
1255 3079 1338 3143 atque

15 3171 117 3223 nepos,
144 3154 214 3223 quod
242 3159 269 3205 et
289 3153 455 3206 Theodorico
484 3154 595 3245 placuit.
638 3153 692 3207 Cur
713 3153 783 3216 enim
807 3169 861 3206 non
889 3152 985 3223 potius
1008 3152 1145 3205 diceretur
1173 3153 1243 3219 lilius
1272 3168 1337 3204 auus

16 3235 124 3291 Cham?
146 3231 225 3285 Etsi
246 3233 570 3297 Chanrnatu'miniruus,
591 3252 639 3288 cur
660 3233 800 3288 aliashoc
821 3233 914 3287 ordine
935 3238 1124 3287 recensentur.
1151 3233 1222 3296 Sem,
1243 3231 1337 3293 Cbam,

15 3313 161 3383 Japbethl
242 3309 245 3319 ⁴
1200 3338 1201 3341 ι

109 3394 156 3447 27.
189 3391 300 3445 Cannnn
321 3410 375 3446 non
395 3391 469 3457 ideo,
490 3393 555 3463 quia
575 3409 658 3484 nepos
678 3394 768 3455 Noae,
794 3392 865 3446 filius
886 3391 945 3460 ejus
965 3391 1051 3445 minor
1071 3390 1184 3454 dician,
1205 3393 1252 3445 sed
1274 3391 1339 3462 quia

15 3475 79 3528 Noa
99 3473 173 3524 forte
194 3472 466 3542 adoptavitCanaan,
487 3472 558 3526 forte
577 3473 662 3542 primo
682 3480 777 3535 natum
790 3459 854 3541 post
873 3471 1011 3534 diluvium,
1032 3478 1063 3524 ut
1071 3472 1191 3525 lacobus
1206 3472 1338 3541 Ephraim

16 3561 45 3607 et
67 3555 206 3606 Manasse.
644 3571 654 3589 ⁴

108 3631 155 3684 28.
187 3631 231 3683 Sic
254 3631 338 3700 igitur
348 3632 461 3685 Canaan
482 3632 571 3684 iactus
592 3638 634 3684 est
653 3630 738 3700 primo
760 3630 945 3692 serrusSemi,
966 3633 1074 3701 quando
1094 3631 1143 3686 lilii
1162 3630 1245 3684 Lothi
1255 3631 1337 3683 Moab

16 3720 44 3766 et
66 3718 184 3766 Ammon
214 3721 382 3780 occuparunt
409 3711 550 3780 regionem
580 3703 654 3764 trans
675 3712 835 3773 luidonem,
866 3717 895 3764 et
920 3710 991 3764 filius
1016 3710 1166 3766 Abrahami
1189 3714 1227 3763 ἰιι
1249 3716 1337 3779 Agar,

16 3793 127 3853 ismael,
148 3791 270 3844 ilrabiae
295 3791 461 3845 contermina
487 3791 603 3844 obtinuit
623 3792 658 3843 ab
678 3788 778 3843 Herila
798 3790 832 3842 ad
854 3790 907 3843 Sur
931 3797 961 3843 et
980 3793 1118 3843 desertum
1137 3790 1261 3843 Pharan:
1288 3789 1336 3842 dlii

16 3888 53 3925 ex
75 3871 201 3924 Cethura
218 3870 337 3924 bladium
359 3878 387 3923 et
408 3870 491 3924 ceteri
512 3871 657 3923 orientales
677 3877 780 3938 partes,
802 3869 901 3922 deinde
917 3870 965 3923 lilii
983 3869 1063 3931 leuci,
1083 3870 1158 3923 Esau
1179 3869 1286 3940 quidem
1307 3877 1336 3921 et

15 3952 87 4006 filius
110 3949 170 4018 ejus
191 3951 306 4005 Amalec
323 3951 488 4013 Idumaeam,
509 3951 594 4004 Jacob
615 3965 679 4002 vero
700 3966 748 4002 seu
766 3948 911 4005 israelitae
930 3951 1041 4003 tandem
1060 3949 1213 4002 universam
1234 3954 1338 4002 terram

16 4032 134 4085 Canaan
156 4029 350 4085 iutennediam.
465 4021 468 4028 ’
898 4047 902 4054 ·
1253 4052 1256 4053 ’

110 4110 158 4179 29.
188 4109 336 4162 Posteriori
356 4116 478 4177 tempore
499 4109 612 4162 Canaan
632 4107 720 4162 iactus
741 4115 784 4162 est
809 4124 903 4162 serrus
924 4105 1049 4176 Japbeti,
1070 4108 1177 4177 quando
1199 4107 1338 4161 Cananaei

16 4189 120 4244 residui
150 4189 265 4242 navibus
296 4189 410 4257 dispersi
439 4196 501 4243 sunt
527 4190 554 4243 iu
581 4189 697 4252 insulas,
727 4188 754 4241 in
775 4188 919 4242 Graeciam
946 4195 975 4240 et
993 4182 1112 4240 Italiam.
1153 4187 1199 4241 Uti
1219 4193 1337 4241 testatur

16 4268 160 4338 inscriptio
181 4264 280 4322 alicubi
302 4269 425 4321 inventa:
446 4268 508 4323 Nos
529 4285 627 4321 mmas
649 4267 806 4327 Canonoci,
827 4285 899 4337 quoe
920 4268 1041 4338 fugauit
1059 4265 1155 4320 Josuo
1174 4268 1259 4320 latro.
1300 4267 1338 4320 Et

16 4349 135 4419 Hispani
156 4351 228 4416 apud
250 4349 411 4402 Strabonem
431 4353 565 4405 noverant
584 4364 716 4402 annorum
736 4363 865 4403 summam
884 4346 1058 4402 Hebraicam.

97 4429 145 4482 30.
176 4433 234 4482 Aut
253 4429 327 4481 dicat
347 4427 407 4499 quis
427 4429 622 4482 concinniorem
637 4426 718 4495 hujus
739 4418 934 4482 maledictionis
953 4442 1001 4480 seu
1016 4425 1222 4495 mancipationis
1243 4425 1336 4494 imple·

15 4510 127 4562 tionem.
169 4509 251 4560 lorte
278 4508 416 4576 impletum
436 4515 479 4561 est
502 4510 553 4566 sub
578 4506 739 4599 captivitate
758 4507 921 4582 Assyriaca,
952 4513 1082 4577 quantum
1109 4506 1210 4560 attinet
1228 4522 1280 4559 non
1302 4506 1337 4558 ad

16 4596 131 4660 gentem
151 4583 335 4656 cananaeam,
356 4589 404 4640 sed
426 4589 460 4640 ad
480 4596 583 4642 terram
603 4588 661 4656 ejus
683 4600 731 4640 seu
753 4592 860 4642 sonent

106 4668 154 4723 31.
180 4667 255 4720 'Nam
276 4667 328 4720 etsi
347 4672 434 4722 Assur
452 4667 504 4720 fuit
520 4666 681 4728 filiusSemi,
702 4665 806 4735 legitur
826 4672 918 4720 ιιι6ι6
931 4672 1111 4743 cantantum
1133 4665 1207 4732 initio
1217 4665 1336 4730 Ninrrod,

17 4766 32 4801 e
52 4748 183 4802 Chamita
204 4747 293 4801 Cliuso
313 4747 450 4810 oriundus,
464 4747 546 4802 'illam
565 4746 675 4804 Aesuris
695 4751 795 4801 sortem
816 4745 984 4816 subjugasse
1002 4752 1031 4800 et
1052 4745 1211 4800 aedificasse
1221 4745 1336 4800 Ninisea
