3112 5474
172 251 283 322 etti
673 211 1049 330 mammarium

169 415 344 498 adiecturus
359 423 431 481 erat
441 413 581 487 Herodes
597 413 782 478 etiam-illios
796 412 1023 488 muniamus.
1032 410 1249 478 ‘Alexandrum
1258 409 1486 485 ethrbtebuha
1540 473 1541 476 ,

164 507 230 588 jam
245 513 318 568 tunc
333 505 444 570 firriata
464 504 529 584 ejus
544 503 648 571 domo.
676 512 746 566 reos
769 502 937 584 parricidii,
961 502 1059 583 ipsum
1080 502 1157 564 adeo
1178 499 1352 576 Herodem,
1373 499 1419 582 qui
1436 506 1487 563 tuat
1543 505 1553 539 a

170 595 339 675 offenderat
362 595 551 674 hugumum,
573 611 641 656 cum
665 593 745 657 omni
768 592 833 672 ejus
854 592 1039 674 posteritate
1060 591 1144 654 intra
1165 589 1324 654 hominum
1342 589 1490 652 menedon

169 685 301 767 deponet
315 684 399 745 Deus
423 682 460 745 de
481 681 553 744 sede
569 682 655 762 regni
669 682 803 745 Israelis.
848 680 897 745 Et
919 680 1071 745 multavit
1093 677 1242 746 leodos:
1274 679 1369 744 aliam
1388 678 1492 749 Mmhn

169 793 224 856 pro
241 772 342 837 occisa
356 771 456 835 Maria
471 770 585 851 regina,
600 779 635 834 ut
649 770 691 835 sit
705 778 804 833 mater
817 772 952 835 Messias
966 770 1063 850 Regis
1079 769 1206 845 aeterni,
1222 788 1295 832 cum
1308 768 1363 831 illa
1378 767 1493 831 madiis·

171 871 220 926 set
234 870 333 924 mater
347 861 453 924 infelix
463 859 629 923 infelicium
644 867 676 922 et
691 860 775 923 brevi
789 861 991 941 periturorum
1006 859 1174 922 liberorum
1202 857 1392 923 moueant
1405 853 1493 938 imple-

169 953 213 1015 rit
233 951 336 1014 dmin:
367 951 582 1031 posteritatem
595 950 725 1012 Davidis
740 950 780 1012 ed
795 959 963 1021 extremam
981 948 1114 1030 inopiam
1129 947 1299 1014 redactam
1344 945 1392 1010 Er
1410 945 1496 1009 deuo

171 1041 295 1104 dimisit
307 1040 427 1113 iocosa,
442 1039 522 1102 inter
537 1046 656 1101 ceteros
672 1048 706 1102 et
718 1039 858 1122 Bagoam
873 1040 1049 1114 eunuchum,
1064 1057 1155 1121 opum
1163 1038 1336 1102 alienarum
1345 1036 1496 1116 voragines

171 1129 407 1211 rapacissimam,
421 1136 457 1190 ut
470 1148 536 1191 mos
552 1136 621 1191 erat
636 1129 847 1192 eunuchorum.

258 1219 306 1280 De
321 1207 626 1298 hhnatu'puerorum,
648 1216 722 1299 quos
738 1217 850 1281 occidit
863 1217 1019 1292 Herodes,
1040 1216 1204 1281 secundum
1226 1224 1353 1297 tempus
1368 1213 1444 1296 quod
1456 1232 1495 1275 er·
1540 1284 1543 1292 ξ

171 1308 337 1390 quisiverat
352 1329 372 1369 a
386 1307 496 1388 magis,
508 1307 732 1370 diversissimae
748 1315 820 1371 sunt
834 1307 961 1370 Petrum
977 1307 1159 1380 sententiae,
1174 1304 1300 1386 quidam
1314 1304 1396 1368 enim
1409 1303 1496 1366 existi

137 1411 139 1413 ’
171 1405 270 1472 mant,
292 1415 331 1458 ex
352 1415 508 1477 magorum
529 1395 639 1459 iudicio
662 1396 784 1460 stellam
802 1397 922 1478 quidem
941 1416 1002 1459 non
1016 1397 1063 1459 ita
1077 1396 1188 1458 dudum
1203 1412 1357 1476 apparere
1373 1392 1497 1473 coepisse,
1539 1401 1541 1469 g

169 1487 323 1566 Herodem
346 1504 419 1548 vero
443 1505 504 1570 non
529 1485 635 1548 statim
654 1495 727 1566 post
748 1504 901 1549 recessum
921 1504 1092 1566 magorum,
1115 1484 1170 1547 sed
1191 1484 1284 1565 longe
1308 1490 1384 1565 post
1403 1482 1498 1544 mmor
1540 1539 1556 1593 Ι

171 1576 331 1649 sustulisse
346 1575 498 1648 infantes,
520 1593 595 1655 quos
610 1574 746 1656 sequitur
761 1574 909 1656 Suslyga‚
932 1577 982 1656 qui
1003 1593 1076 1637 vero
1091 1574 1295 1654 Evangelium
1310 1574 1413 1636 Lucae
1431 1577 1498 1633 tauto
1541 1600 1556 1625 ι

169 1664 267 1745 magis
282 1664 425 1744 relinquit
439 1664 471 1726 iu
486 1664 646 1745 apparenti
662 1663 850 1726 dissensione
867 1665 1071 1727 aMatthaeo.
1115 1663 1182 1743 Ego
1197 1662 1295 1742 igitur
1318 1662 1389 1732 iilos
1404 1678 1499 1742 sequor,
1536 1658 1552 1721 t

170 1753 220 1834 qui
235 1753 428 1826 existimant,
439 1753 503 1830 jam
519 1761 606 1825 tunc,
620 1771 699 1830 ,cum
713 1754 852 1817 Herodes
868 1775 887 1816 a
901 1753 1000 1833 magis
1015 1760 1135 1833 tempus
1156 1752 1350 1832 exquireret,
1371 1749 1500 1814 biennium

62 1875 64 1884 ι
171 1844 234 1906 lere
251 1843 368 1922 lapsum
383 1842 476 1909 fuisse
496 1841 625 1922 aprimo
642 1849 751 1907 exortu
766 1843 884 1914 stellae.
925 1840 1086 1916 Quaeras,
1107 1841 1277 1922 arrigitur
1301 1859 1382 1903 auno
1404 1839 1500 1901 denar
1543 1869 1556 1885 =

68 2013 74 2019 ’
168 2040 250 2085 mero
274 2020 472 2084 communium
487 2028 673 2083 cometarum
694 2028 748 2083 aot
768 2039 914 2084 uovorum
929 2020 1073 2095 siderum,
1099 2019 1154 2082 sed
1169 2019 1307 2082 accessit
1320 2019 1366 2082 illi
1380 2015 1500 2099 privatin
1534 2082 1538 2105 1

50 2512 51 2519 ι
170 2467 352 2548 tandemque
367 2465 399 2528 in
414 2466 601 2528 occidentem
616 2473 742 2546 recepta
761 2466 923 2548 disparuit:
954 2474 1018 2529 tum
1040 2466 1160 2528 demum
1181 2467 1263 2546 magi
1287 2464 1444 2528 consilinm
1457 2480 1497 2544 ec·
1538 2496 1546 2503 »

169 1932 309 1995 veneunt
324 1931 452 1994 adorare
468 1949 571 2010 regem
585 1932 712 1993 astella
727 1931 950 2012 significatum?
980 1929 1060 2002 Quia
1074 1931 1166 1993 stella
1185 1931 1264 1995 haec
1279 1949 1344 1993 non
1358 1930 1417 1992 init
1429 1947 1445 1990 e
1457 1945 1499 1989 oa
1534 1986 1556 2041 Ι

169 2111 345 2174 miraculum
360 2116 460 2172 motus
475 2109 507 2172 in
521 2109 656 2172 inferiori
670 2111 794 2190 regione
810 2110 899 2173 aeris.
938 2108 1088 2181 Quamdiu
1109 2108 1203 2189 igitur
1226 2109 1322 2171 stella
1337 2108 1405 2171 visa
1426 2105 1499 2169 estio
1547 2139 1554 2148 -<

170 2200 295 2263 aethere
309 2199 390 2303 iuter
406 2205 526 2301 ceteras
542 2199 642 2262 oriem
658 2206 690 2261 et
705 2199 861 2302 eccidene,
878 2192 1039 2302 cemmouit
1054 2198 1174 2280 quidem
1188 2198 1332 2301 nouimte
1348 2195 1498 2260 cunum
1536 2167 1556 2309 ἕ

71 2312 72 2318 “
170 2288 355 2368 astrologiae
370 2293 501 2367 peritos,
523 2296 558 2350 at
573 2287 610 2351 de
625 2307 659 2350 re
674 2288 777 2369 aliqua
792 2297 878 2352 certa
898 2309 929 2351 rn
949 2288 1103 2353 individuo
1124 2305 1185 2349 non
1199 2296 1335 2350 monuit:
1361 2293 1499 2368 postqum
1535 2334 1556 2398 h

147 2377 243 2440 'vero
259 2396 328 2439 sese
348 2376 378 2439 in
402 2383 503 2439 aerem
527 2376 685 2446 demittere
709 2385 742 2439 et
763 2378 876 2441 sensim
898 2377 1087 2443 occidentem
1108 2395 1232 2439 versum
1252 2375 1402 2457 progredi
1422 2370 1499 2452 coepi
1536 2436 1556 2488 Ι

151 2555 282 2638 »quendi
298 2574 406 2637 cepere
421 2562 627 2637 veneruntque
642 2557 786 2620 memoria
801 2556 919 2623 itineris
942 2555 1052 2619 stellae
1067 2555 1107 2618 *in
1121 2553 1142 2615 J
1143 2555 1273 2617 udaeam
1296 2562 1355 2618 sut
1369 2563 1438 2618 ante
1450 2551 1497 2613 dir
1528 2524 1556 2667 =

171 2663 289 2749 cessum
312 2645 502 2726 oBabylone
524 2644 606 2748 docti
627 2645 749 2708 inerunt
771 2667 790 2708 a
810 2645 943 2749 ludaeis·
957 2644 1136 2748 Babyloniis
1155 2662 1194 2706 ex
1214 2640 1498 2749 hiose‘et'pauieit
1533 2681 1556 2758 i

170 2742 357 2799 naserturum
378 2753 417 2796 ex
440 2732 567 2806 ludaeis
593 2751 697 2814 regem
724 2735 816 2802 staua
843 2734 1164 2816 praesignificandum,
1182 2741 1403 2798 universitatis
1422 2745 1497 2794 rem

171 2824 331 2890 deminum.
347 2824 349 2832 ’

167 2966 185 2981 ,.
258 2912 414 2976 Summam
429 2912 508 2974 enim
523 2917 647 2993 oportet
660 2910 754 2974 luisse
770 2912 952 2976 evidentiam
968 2931 1035 2975 oum
1049 2911 1145 3063 ipsios
1161 2910 1287 2986 stellae,
1304 2919 1371 2974 tum
1385 2908 1497 2987 deurip
1534 2872 1536 2875 -

171 3002 264 3066 tionis
279 3002 345 3064 nati
360 3002 458 3083 regis,
482 3008 517 3065 ut
532 3020 609 3082 quae
624 3018 731 3081 magos
745 3020 784 3063 ex
798 3001 916 3067 oriente
932 3003 973 3065 ad
987 3002 1047 3064 iter
1074 3010 1127 3062 'am
1140 3000 1344 3081 longinquum
1357 3009 1391 3064 et
1403 2997 1497 3082 quiden
1537 3047 1547 3055 .

170 3092 249 3154 hunc
264 3090 454 3171 potissimum
466 3109 572 3171 regem
587 3090 734 3153 adorandi
749 3109 843 3153 causa
856 3091 1014 3171 permovit.
1060 3088 1146 3161 Quae
1167 3090 1230 3152 dixi
1247 3090 1285 3151 de
1301 3087 1497 3156 mocu'srelht
1532 3128 1553 3135 --

171 3187 378 3243 consentanca
393 3188 465 3244 sunt
478 3180 697 3261 Evangelistae
713 3186 746 3242 et
760 3179 813 3253 iis,
834 3198 912 3260 quae
927 3187 1044 3261 postea
1058 3197 1148 3260 quam
1162 3179 1389 3260 Hierosolymis
1403 3171 1496 3240 ducet

173 3287 239 3332 sum
254 3270 285 3331 in
299 3270 465 3349 hacsteila
479 3276 552 3332 sunt
566 3269 741 3333 observata
766 3269 866 3344 „Ecce
882 3269 962 3331 enim
978 3269 1078 3342 stella,
1092 3286 1182 3350 quam
1197 3268 1346 3331 viderant
1360 3270 1391 3332 in
1404 3267 1496 3330 oriente
1532 3298 1537 3321 ι

125 3396 130 3403 ,
172 3352 265 3439 (quae
281 3377 315 3420 se
330 3359 390 3421 illis
406 3359 600 3433 subduxerat,
615 3359 647 3421 io
662 3358 850 3421 occidentem
866 3357 1003 3422 discessu
1018 3358 1118 3431 fact03
1130 3357 1196 3436 jam
1210 3357 1243 3419 in
1260 3365 1496 3439 conspectnnre

172 3447 228 3509 diit
244 3441 291 3527 et)
307 3448 511 3511 antecedebat
526 3438 594 3521 e'os,
616 3465 710 3528 usque
733 3447 803 3510 dom
824 3448 950 3510 veniens
973 3454 1072 3510 staret
1086 3446 1138 3509 ubi
1152 3454 1221 3508 erat
1236 3464 1324 3526 puer.
1370 3445 1496 3508 Videntur
1527 3440 1537 3523 ἰ

156 3536 273 3614 ,ἰιιιειιι
283 3537 413 3611 stellam,
423 3537 527 3618 gavisi
535 3536 727 3617 ruotgaudio
738 3536 878 3616 magno“,
894 3537 971 3618 quod
989 3536 1053 3599 scil.
1069 3554 1138 3597 eam
1151 3535 1237 3616 prius
1252 3536 1422 3599 amiserant
1434 3549 1497 3595 ean·

143 3675 147 3685 .
173 3645 230 3708 que
250 3625 332 3688 felici
352 3625 550 3707 profectionis
572 3625 697 3689 consilio
718 3626 748 3689 in
768 3626 888 3689 Judaea
909 3644 1028 3688 rursum
1048 3624 1246 3705 reperissent
1290 3624 1344 3688 Ex
1364 3625 1421 3689 hoc
1442 3621 1497 3684 sto
1525 3658 1543 3691 r

172 3715 280 3778 stellae
296 3728 379 3780 motu
395 3723 501 3778 natam
515 3722 590 3795 puto
606 3716 718 3778 famam
732 3715 816 3778 illam
831 3708 1088 3794 vulgatissimam,
1103 3713 1149 3776 ‘de
1169 3733 1230 3795 qua
1244 3713 1403 3794 Josephus
1417 3713 1445 3775 in
1458 3709 1497 3771 dc
1526 3719 1534 3795 ji

171 3803 334 3884 scriptione
356 3804 428 3873 beili
449 3804 673 3879 ludaici,fore
698 3812 734 3867 ut
752 3804 924 3868 valesceret
945 3804 1046 3868 oriens
1069 3811 1103 3867 et
1122 3803 1245 3867 Judaea
1265 3796 1335 3883 (vel
1357 3825 1377 3866 a
1396 3797 1498 3867 Judaes

171 3893 297 3972 orientia
312 3888 435 3973 incolis)
451 3894 581 3974 proiecti
596 3888 653 3974 (ad
667 3900 782 3955 motum
797 3889 922 3975 stellae)
938 3913 1038 3959 rerum
1053 3893 1234 3974 potirentur.
1279 3892 1325 3956 Et
1340 3894 1407 3975 quis
1421 3894 1498 3968 nera
1531 3927 1533 3931 ν

170 3981 230 4063 ipsi
244 3982 428 4047 Parthorum
442 3983 523 4063 regi,
539 3982 668 4063 subque
684 3982 766 4063 magi
781 3989 815 4046 et
827 3980 938 4046 Judeei
952 3982 1133 4064 Babylonici
1147 3981 1320 4063 degebant,
1336 3984 1443 4051 famam
1454 3978 1496 4040 bu·

166 4071 219 4153 jus
239 4071 349 4134 stellae
368 4072 636 4152 vaticiniorumque
657 4072 782 4152 spiritus
797 4080 904 4136 mutos
920 4072 1089 4146 addidisse,
1110 4079 1145 4134 ut
1166 4091 1246 4134 anno
1269 4071 1325 4135 40.
1346 4069 1497 4164 moestu
1529 4110 1531 4112 -

70 4192 72 4195 ·
170 4155 318 4224 Romanis
334 4161 450 4241 eripere
466 4168 554 4242 rupto
570 4161 692 4223 foedere
709 4161 844 4236 auderet,
860 4181 988 4243 sperans
1004 4160 1203 4224 aeRomanos
1218 4160 1257 4222 de
1271 4156 1496 4241 imperiimaxim
1523 4155 1531 4240 ξι

170 4249 364 4331 possessione
380 4249 586 4330 dejecturum?
632 4247 712 4320 Quid
728 4251 806 4313 enim
820 4250 909 4331 hujus
925 4270 986 4314 noo
1000 4251 1089 4313 lieret
1102 4250 1134 4313 in
1148 4249 1280 4319 Parthia
1296 4249 1494 4332 Chaldaeorum
1522 4274 1530 4326 2

68 4333 72 4342 ’
170 4339 282 4420 patria,
297 4338 348 4402 ubi
363 4340 444 4418 magi
460 4340 640 4420 adregnum
654 4340 873 4410 vocarieoliti:
891 4340 916 4403 si
932 4340 963 4403 in
978 4340 1078 4402 media
1092 4338 1207 4413 Roma,
1222 4339 1305 4402 unde
1321 4340 1414 4403 toties
1427 4329 1492 4415 qued
1549 4369 1556 4372 ·

174 4427 324 4493 Chaldaei
346 4428 567 4504 mathematici,
590 4428 668 4492 talia
689 4429 875 4505 factasunt,
899 4437 931 4492 et
947 4429 1030 4494 Otho
1046 4428 1309 4510 praedictionibus
1325 4421 1490 4492 mettensi

171 4535 275 4582 comm
285 4518 393 4593 elatus,
405 4519 456 4600 qui
471 4536 567 4581 novos
581 4524 683 4580 motus
699 4525 732 4581 et
746 4519 860 4585 clarum
870 4518 987 4583 Othoni
1001 4533 1112 4583 annum
1122 4517 1314 4594 asserebant,
1332 4516 1440 4582 Galbae
1451 4512 1489 4574 in

28 4594 33 4605 '
97 4638 101 4652 x
173 4606 290 4687 perium
305 4607 422 4687 eripere
437 4626 530 4670 ausus
546 4607 617 4669 est?
667 4660 670 4673 ,,
1210 4652 1213 4657 “

157 4703 160 4708 ’
258 4695 319 4776 Egi
333 4696 482 4759 hactenus
498 4716 566 4760 cum
581 4695 732 4777 theologis
748 4703 781 4758 et
795 4695 966 4771 historicis,
987 4697 1148 4777 patiantur
1169 4716 1250 4760 nuno
1272 4687 1482 4768 marmorario
1523 4640 1534 4789 ἐξ

172 4797 233 4848 uon
246 4783 385 4865 ignarum
400 4792 516 4848 etcum
530 4786 696 4867 astrologis
711 4803 820 4868 agere,
842 4785 950 4868 quibua
970 4805 1028 4868 ego
1044 4785 1154 4850 stellae
1169 4804 1330 4868 magorum
1343 4780 1478 4864 argonaut
1514 4790 1524 4836 t
