3142 5476
570 261 892 330 commoneamque.
1000 230 1001 233 ‘
1328 243 1390 313 109

129 403 199 466 Quae
216 407 243 457 in
260 405 404 471 praemissis
422 404 548 477 Keplerus
573 405 604 458 de
623 402 748 457 Sera‘rio
768 409 870 473 eiusque
883 411 982 458 *conha
1004 398 1160 474 Scaligernm
1184 407 1393 459 criminationibus

75 476 138 535 aiut,
150 476 426 528 hisillustrandasunt:
439 476 903 530 NicolausSerariuseSoc.lesu
915 473 978 540 (nat.
992 478 1252 530 lbbbiiamberrillae
1264 479 1390 530 lnLotbs·

73 550 147 615 ringis,
159 555 271 599 mortuus
283 549 430 614 Mogontiae
444 545 531 611 1600),
543 550 621 613 primo
632 548 773 614 lierbipoli,
789 556 846 614 post
858 549 1002 615 Mogontlae
1013 550 1192 615 philosophiam
1204 557 1230 608 et
1241 551 1391 616 theologiam

70 621 194 685 professus,
212 621 297 671 multia
315 635 372 670 cum
383 621 528 685 theologicis
545 629 599 670 tum
614 621 737 672 historicis
754 623 852 685 scriptia
869 622 980 679 celeber,
999 614 1136 672 indeies'sus
1152 630 1316 688 propugnator
1332 622 1391 672 fidei

69 691 199 743 Catholicae
217 699 303 742 centn
318 691 423 742 Lntheri
438 698 588 751 sectatores,
607 691 630 742 J.
649 690 771 758 Scaligeri
789 708 850 756 opus
870 694 901 744 de
918 692 1096 743 Emendatione
1113 695 1259 758 Temporum
1281 693 1390 744 refutare

69 770 158 814 matus
173 770 214 813 est
229 765 254 813 iu
272 763 346 821 libro,
371 778 444 827 quem
457 763 580 830 inscripsit
599 763 815 823 ,Trihaeresion“.
850 764 954 829 Kepleri
972 764 1061 814 literae
1079 768 1171 830 priores
1190 780 1264 829 quum
1283 764 1390 822 Serario,

68 835 160 899 rudique
174 835 302 900 colligenti
315 834 426 884 subsidia
434 841 521 884 contra
531 833 694 900 Scaligerum,
707 850 738 885 ex
749 851 796 885 usn
808 850 863 886 esse
873 837 1020 895 riderentur,
1033 837 1071 886 his
1083 837 1145 887 adiit
1153 835 1289 900 Keplemm
1297 835 1388 886 literis:

65 905 112 957 ium
128 905 244 970 quidem,
264 906 407 956 clarissime
427 912 453 954 et
464 906 605 955 doctissime
621 907 725 956 Domine
741 906 867 970 Keplere,
888 899 1073 972 ἂγιιμιτρητος
1091 915 1117 958 et
1135 922 1149 957 e
1171 907 1282 956 Platonis
1299 906 1390 964 schola,

64 977 173 1042 dqridem
197 980 252 1040 ejns
276 979 362 1042 rigeat
385 989 553 1042 programma,
578 978 774 1036 exclusissimns,
804 984 987 1042 geometrarum
1007 984 1091 1030 umen
1112 977 1391 1043 mathematicorumqne

64 1049 186 1114 unguium
198 1049 337 1099 admirator
348 1062 396 1115 ego
408 1056 434 1098 et
445 1055 550 1099 amatur.
574 1048 605 1099 In
617 1065 701 1100 eorum
712 1064 769 1100 rero
780 1063 910 1100 numerum
922 1050 958 1100 'l'e
969 1055 999 1099 ιιι
1008 1050 1139 1109 reierrom,
1157 1051 1268 1102 iecerunt
1279 1050 1392 1113 inspecta

64 1119 105 1169 isa
118 1119 225 1184 Optica;
244 1121 362 1186 ideoque,
381 1135 436 1180 cum
449 1120 489 1171 die
507 1120 596 1170 abhinc
613 1127 700 1172 octaro
716 1123 805 1172 iterin
821 1120 936 1188 Belgiam
953 1121 1058 1171 haberet
1073 1121 1134 1173 lter.
1153 1128 1179 1171 et
1196 1120 1259 1171 Clas.
1272 1119 1391 1170 Dominus
1498 1183 1499 1188 Ἰ

64 1191 170 1241 Pistoriae
184 1187 277 1256 (comp.
288 1191 333 1241 ΠΙ.
345 1189 417 1254 444),
431 1193 461 1242 de
471 1192 507 1240 Te
520 1191 584 1241 illico
596 1200 772 1257 percunctatus
785 1207 846 1242 sum
871 1189 917 1243 Ille
929 1207 986 1242 sero
995 1194 1133 1258 respondit,
1150 1200 1176 1243 et
1192 1195 1228 1242 ita
1240 1192 1351 1256 quidem,
1362 1196 1392 1240 ut

64 1262 98 1313 lhi
109 1265 312 1312 mutisaimum
325 1262 398 1313 iacile
411 1263 575 1322 adverterem,
589 1271 614 1313 et
625 1266 646 1314 is
659 1271 744 1314 tamen
757 1267 833 1315 etiam
844 1265 870 1314 in
882 1264 1064 1314 mathematicis
1080 1264 1158 1314 bonus
1169 1265 1322 1329 ingeniorum
1334 1276 1391 1312 ceu·

3 1359 4 1362 =
64 1341 147 1383 aerest
184 1333 222 1384 Ut
239 1349 284 1384 suo
302 1342 387 1384 autem
404 1334 491 1392 fidem,
512 1334 572 1385 licet
592 1341 677 1400 sponte
692 1339 747 1400 iam
765 1347 823 1386 mea
835 1336 972 1394 crederem,
992 1337 1133 1388 testimonio
1146 1336 1250 1387 adderet
1264 1337 1391 1399 maiorem

64 1405 141 1456 ianulo
152 1405 293 1464 mandarit,
306 1412 378 1456 tuum
389 1407 513 1471 quoddam
525 1407 556 1457 de
566 1405 689 1472 Scaligerl
701 1421 764 1463 anno
776 1408 860 1458 Attico
870 1409 990 1471 judicium
1002 1423 1032 1458 ex
1043 1407 1182 1473 hippoperis
1191 1413 1321 1472 promeret
1342 1404 1392 1456 Sed

64 1490 104 1526 cum
125 1489 142 1524 a
153 1477 219 1527 Ber.
235 1484 261 1528 et
272 1477 310 1527 ill.
323 1476 512 1548 archiepiscopo
529 1483 556 1528 et
566 1477 681 1529 Electore
693 1486 787 1539 nostro,
807 1480 832 1529 in
850 1482 919 1542 cnjus
935 1485 994 1529 tunc
1012 1479 1072 1529 aula
1091 1479 1276 1541 diversabatur,
1294 1479 1406 1528 mremm

64 1557 179 1598 moretur
198 1561 278 1613 seque
294 1550 376 1598 itineri
386 1552 439 1611 jam
457 1549 611 1614 accingeret,
629 1550 702 1611 dixit,
719 1566 746 1601 re
763 1551 823 1600 illud
835 1551 888 1611 bic,
907 1556 937 1600 ut
947 1549 1054 1616 legendi,
1071 1552 1119 1601 imo
1132 1557 1159 1601 et
1171 1551 1192 1600 si
1203 1550 1292 1601 liberet
1304 1549 1393 1600 edendi
1448 1578 1451 1597 .

64 1619 159 1669 incultas
172 1628 250 1678 esset,
263 1620 415 1669 sedatorum
439 1620 522 1670 Tanta
539 1621 587 1671 init
602 1622 745 1674 humanitas
762 1624 912 1688 masalma
943 1621 992 1673 Sed
1009 1636 1041 1673 ne
1060 1623 1106 1673 tlbi
1123 1620 1221 1673 auctori
1236 1621 1310 1673 editio
1329 1621 1392 1671 iorte

64 1690 157 1741 mesta
170 1698 197 1742 et
206 1693 348 1755 importuna
361 1699 440 1750 eeaet,
458 1705 518 1743 eum
528 1692 693 1758 ambigerem,
706 1707 753 1746 sua
764 1693 790 1745 id
802 1694 850 1745 lide
863 1708 955 1760 suoque
966 1694 1076 1757 periculo
1088 1695 1235 1752 laceremus,
1247 1694 1315 1745 dixit
1340 1690 1393 1753 Sibi

64 1763 113 1812 nir
125 1763 211 1813 Tuam
229 1771 389 1828 perspectam
405 1762 557 1814 voluntatem
577 1780 696 1830 suumque
714 1769 741 1818 in
758 1772 785 1817 te
798 1767 912 1823 ιιιίιιιιιιιιΙ
926 1768 1044 1829 optimum
1061 1765 1116 1817 Tibi
1132 1781 1180 1816 non
1199 1766 1310 1830 ignotum
1328 1776 1391 1814 esse.

63 1833 176 1899 lequier's
215 1832 282 1893 Quia
300 1841 386 1884 tamen
401 1834 474 1885 hodie
487 1836 534 1885 Tui
553 1850 649 1902 qnoque
661 1851 749 1889 amans
765 1838 829 1889 Nob.
847 1844 874 1887 et
885 1836 950 1887 (ilar.
963 1837 1016 1895 Vir,
1030 1836 1101 1887 (laea.
1118 1836 1260 1900 Maiestatis
1276 1842 1393 1902 quaestor

39 1949 42 1953 .
63 1902 244 1955 Matthaeus
260 1905 381 1955 Velserus
396 1906 438 1956 hic
456 1913 495 1957 est
513 1914 539 1957 et
555 1907 665 1973 Pragarn
683 1917 754 1960 recta
770 1910 862 1967 tendit,
881 1908 949 1958 hisce
962 1910 1025 1958 meis
1037 1908 1072 1959 Te
1085 1908 1195 1958 salutme
1208 1907 1336 1972 Tuamque
1349 1919 1391 1956 ac·

64 1979 161 2027 matins
174 1978 306 2041 exquirere
319 1979 471 2029 senteutiam
481 1979 569 2029 audeo.
590 1980 639 2040 ‚ric
652 1983 718 2030 enim
729 1996 777 2032 non
789 1995 852 2039 raro,
869 1987 898 2030 nt
911 1993 957 2029 sna
969 1993 1041 2030 secus
1053 1981 1122 2031 edita
1132 1977 1232 2037 vellent,
1249 1980 1290 2043 qui
1302 1977 1392 2028 absunt
1444 1973 1446 1982 ’

64 2055 178 2107 taceres,
196 2062 280 2112 neque
296 2050 323 2098 in
341 2049 424 2098 ahena
440 2056 540 2100 tanturn
555 2051 617 2101 mihl
632 2052 706 2103 iacile
722 2054 859 2106 summum.
884 2050 955 2116 Rogo
971 2051 1047 2115 igitur
1064 2051 1251 2101 {inmanitatem
1267 2044 1345 2108 tuam,
1363 2056 1392 2098 nt
1452 2055 1455 2061 '

63 2132 122 2184 quam
139 2120 261 2170 citissime
279 2120 364 2170 licebit
379 2121 433 2171 lieri
450 2121 509 2186 quid
524 2121 585 2173 velia
602 2130 629 2174 et
643 2139 703 2175 num
718 2125 788 2183 addi,
811 2122 886 2174 adimi
902 2123 1024 2172 mutarive
1036 2121 1128 2187 aliquid
1145 2123 1242 2187 cupias,
1260 2120 1391 2186 significes,

62 2193 196 2252 paeserdm
214 2206 272 2241 cum
288 2191 379 2242 honae
391 2195 517 2257 quaedam
528 2195 584 2245 sint.
620 2194 689 2247 Bene
702 2203 788 2247 antem
808 2197 841 2246 sit
852 2195 887 2245 ili
898 2192 931 2244 D.
944 2193 968 2243 J.
980 2193 1141 2252 Wachherio,
1158 2195 1199 2258 qui
1211 2193 1246 2243 'le
1263 2193 1297 2244 ad
1312 2189 1391 2242 Scali-

63 2264 152 2326 gerisna
168 2262 214 2311 iila
232 2265 344 2314 notanda
363 2265 467 2329 impulit.
499 2265 597 2317 Vellem
609 2267 725 2328 allorum,
743 2281 808 2333 qnae
827 2268 852 2316 in
865 2265 953 2317 eadem
972 2266 1109 2330 tempomm
1128 2263 1298 2316 emendatione
1313 2263 1391 2313 habea

63 2331 181 2391 hastam,
205 2334 342 2383 indiculum
360 2334 444 2386 ddere
468 2337 576 2402 aliquem
598 2339 693 2390 liceret.
735 2339 803 2390 Nam
821 2337 853 2388 D.
874 2336 988 2401 Scaliger
1006 2344 1035 2388 ut
1053 2337 1150 2401 ingenio
1169 2337 1231 2387 bono
1251 2344 1277 2387 et
1293 2336 1391 2386 literato

62 2412 104 2463 est,
128 2406 168 2455 ita
184 2419 284 2471 quoque
303 2406 402 2457 calamo
425 2408 549 2459 interdum
564 2409 661 2461 ridetur
679 2411 853 2462 confidentiore
875 2421 905 2459 ac
925 2409 1149 2472 praecipitantiore.
1184 2407 1320 2458 Plurimam
1336 2406 1392 2458 Tibi

62 2475 156 2527 atlutem
166 2483 254 2527 noster
266 2477 461 2531 mathematicus
476 2479 506 2529 P.
518 2480 542 2530 J.
555 2479 697 2547 Zleglerus,
717 2484 760 2548 qui
771 2487 798 2534 et
809 2481 950 2533 chartulam
960 2479 1030 2530 illam
1041 2481 1126 2539 mittit,
1139 2479 1171 2529 cd
1187 2493 1269 2546 quam,
1282 2481 1303 2529 sl
1314 2489 1391 2544 grase

60 2559 99 2597 sou
114 2548 161 2607 sit,
179 2548 254 2598 serbo
266 2548 327 2600 licet
338 2551 496 2615 respondeas.
520 2551 594 2612 Vale,
619 2553 655 2604 Cl.
670 2561 696 2604 et
707 2554 848 2606 doctissime
864 2551 897 2602 Ι).
910 2549 1029 2615 Keplere.
1059 2550 1217 2617 hloguntiae,
1240 2550 1318 2615 pridie
1330 2548 1390 2599 Nat

61 2615 81 2668 b
91 2618 219 2684 Baptistae
235 2619 309 2670 1605.
348 2621 413 2672 clar.
426 2623 563 2689 Dignitatis
574 2624 644 2676 'luae
656 2626 842 2676 amantissimus
854 2637 939 2674 serens
950 2623 976 2671 ln
989 2622 1084 2673 Christo
1096 2621 1127 2674 N.
1141 2621 1260 2673 Serarius.

120 2706 192 2768 Quae
211 2709 301 2760 literae
320 2725 395 2775 quum
414 2712 618 2779 essentPragam
632 2715 731 2765 delatae
744 2712 853 2778 Keplero
865 2713 983 2769 absente,
1002 2711 1173 2761 amanuensis
1191 2712 1244 2774 ejus
1260 2709 1298 2761 lo.
1318 2708 1391 2774 ilasp.

59 2775 173 2831 oimcim
186 2794 218 2830 ex
228 2782 348 2831 mandato
361 2795 404 2833 eas
415 2786 553 2849 resignavit
565 2792 591 2834 et
602 2784 712 2851 Keplero
724 2786 835 2844 nunciat,
848 2795 912 2850 quae
925 2785 951 2834 ln
962 2782 992 2833 lis
1005 2788 1123 2834 contenta
1138 2788 1210 2833 erant
1221 2777 1308 2847 (comp.
1320 2779 1391 2832 ilan-

58 2848 182 2917 schinmp.
195 2849 268 2916 293).
292 2851 419 2919 Keplerus
432 2855 538 2907 0dontio
549 2857 689 2922 respondite
1323 2867 1326 2875 “

137 2993 260 3058 Nicolai
276 2994 392 3060 Serarii
413 3017 521 3061 nomeu
536 2997 641 3063 videor
662 3000 694 3062 in
715 2998 864 3081 catalogis
885 2996 1071 3061 nundinariis
1085 2996 1250 3060 identidem
1270 2994 1390 3079 legisse,

56 3082 90 3147 de
107 3093 209 3151 cetero
225 3085 298 3148 mihi
315 3093 364 3149 eet
377 3087 508 3170 ignotus
538 3089 608 3152 Non
624 3089 754 3172 exquirit
770 3088 909 3152 Serarius
932 3107 1029 3150 meum
1052 3106 1243 3162 consensum,
1266 3085 1320 3150 sed
1335 3085 1390 3164 de·
1428 3156 1430 3158 ,

53 3174 180 3237 nunciat
201 3174 274 3238 mihi
297 3195 383 3240 suum
404 3177 606 3260 propositum:
635 3198 698 3257 non
721 3178 925 3260 exspectabit,
957 3175 1055 3259 quoad
1083 3195 1140 3258 ego
1170 3177 1252 3241 lecta
1273 3175 1392 3259 integra

52 3264 147 3346 ipsius
163 3264 295 3346 epistola
302 3265 485 3348 respondere
495 3267 618 3349 possim.
642 3268 847 3351 Itaquevelim
863 3268 921 3331 hoc
936 3266 1098 3330 resciscat:
1109 3267 1174 3348 jam
1189 3267 1305 3348 pridem
1319 3266 1391 3329 mihi

54 3353 209 3434 cognitam
230 3353 269 3416 Il.
284 3355 408 3419 Pistorii
430 3358 461 3419 in
482 3374 530 3419 me
552 3357 809 3432 benevolentiam,
838 3356 887 3439 qui
909 3355 982 3419 nihil
1004 3356 1110 3438 reliqui
1133 3356 1221 3431 facit,
1252 3356 1321 3438 quin
1342 3375 1389 3419 me

51 3444 148 3505 etiam
170 3452 390 3525 repugnantem
411 3466 465 3510 suo
480 3454 552 3509 voto
574 3448 660 3523 beet,
684 3445 849 3528 cujusmodi
872 3446 990 3528 quidem
1012 3444 1221 3509 suavissimum
1243 3447 1339 3509 lusum
1359 3452 1391 3508 et

52 3531 188 3596 amicam
204 3534 381 3598 violentiam
402 3536 482 3599 hanc
498 3555 614 3618 quoqne
635 3537 740 3600 videri.
783 3538 863 3599 Nam
886 3534 946 3597 etsi
967 3535 998 3598 in
1020 3536 1119 3601 lituris
1142 3535 1289 3617 epistolae
1311 3535 1389 3597 iilius

49 3641 139 3685 meae
154 3623 269 3686 nullum
291 3623 333 3686 sit
347 3625 511 3706 periculum
533 3645 589 3688 uec
612 3626 715 3690 arcani
735 3625 892 3709 quicquam
915 3624 1084 3700 contineat,
1106 3644 1162 3688 nec
1184 3624 1222 3687 ab
1245 3624 1390 3706 exemplo,
1453 3660 1476 3687 .-

50 3711 133 3794 quod
154 3711 312 3793 Scaligero
336 3721 369 3776 tu
392 3734 430 3777 ex
450 3716 508 3778 hoc
523 3714 589 3797 ipso
607 3717 772 3797 archetypo
794 3713 996 3795 descripsisti,
1018 3712 1186 3796 discrepet,
1208 3714 1266 3776 hac
1289 3713 1391 3776 tamen

51 3801 186 3864 editione
205 3818 253 3863 me
270 3803 487 3885 quodammodo
511 3804 575 3867 fieri
598 3806 758 3868 sollicitum
781 3805 817 3867 de
840 3823 908 3867 mea
929 3804 1009 3885 apud
1025 3802 1212 3885 Scaligerum
1233 3803 1394 3866 existima.
1488 3816 1491 3817 ’

50 3891 144 3954 tione
174 3891 323 3954 Privatim
338 3893 446 3979 quippe
464 3894 502 3956 ad
517 3893 614 3976 ipsum
630 3894 804 3976 scripsisse,
825 3892 968 3976 privatim
989 3893 1027 3956 ab
1049 3893 1116 3975 ipso
1137 3911 1314 3974 responsum
1334 3911 1390 3954 ex·
1437 3901 1439 3904 ’
1536 3935 1541 3956 .

50 3980 253 4062 spectandum
274 3982 376 4046 luisse.
411 3982 450 4046 D.
465 3983 629 4046 Pistorium
649 3985 728 4067 quod
750 3983 877 4058 attinet,
898 3982 977 4047 hunc
993 4002 1028 4045 eo
1049 3981 1116 4046 loco
1131 3983 1203 4046 mihi
1223 3981 1389 4046 accesere
1496 4046 1498 4055 λ

51 4070 262 4147 constitutum,
275 4079 311 4134 ut
326 4073 470 4155 temporis
485 4072 633 4137 rationem
647 4073 707 4156 ipsi
722 4071 861 4136 debeam:
885 4091 942 4155 quo
957 4073 1076 4135 nomine
1092 4073 1191 4136 celare
1206 4071 1304 4153 ipsum
1318 4069 1391 4134 nihil

48 4175 144 4242 posse
161 4161 198 4222 de
212 4179 299 4224 meae
314 4162 510 4243 professionis
527 4163 647 4240 studiis,
664 4183 717 4227 seu
732 4162 882 4245 publicum
896 4161 928 4225 id
943 4162 996 4237 eit,
1020 4182 1073 4226 eeu
1092 4162 1250 4245 privatum.
1284 4161 1393 4242 Itaque

48 4268 162 4332 rogare
178 4269 241 4326 mc,
263 4250 410 4333 siqnidem
427 4252 559 4330 omnino,
581 4254 660 4337 quod
672 4255 735 4339 ait,
757 4253 954 4316 constitutum
975 4252 1090 4316 habeat
1111 4253 1200 4316 edere
1224 4250 1392 4333 epistolem,

46 4348 84 4401 nt
99 4339 135 4401 id
150 4338 307 4421 Scaligero
324 4340 488 4422 significet,
512 4350 544 4406 et
557 4362 747 4426 responsum,
770 4341 849 4425 quod
864 4342 913 4405 hic
933 4341 1005 4414 mihi
1021 4340 1163 4424 privatim
1184 4349 1252 4404 erat
1266 4341 1392 4415 laturus,

48 4429 88 4492 ab
105 4429 175 4510 ipso
190 4437 294 4511 petat,
317 4433 397 4513 quod
410 4451 495 4495 meae
512 4432 673 4515 epistolae,
697 4452 772 4515 quae
788 4430 926 4514 quaestio
947 4428 1048 4513 potius
1074 4432 1201 4494 dicenda
1222 4429 1294 4505 fuit,
1317 4430 1391 4493 sub-

42 4517 202 4599 jungatur.
239 4514 297 4584 Sin
312 4521 370 4584 hoc
385 4523 450 4586 lieri
471 4538 531 4587 nou
545 4523 656 4604 possit,
679 4523 789 4587 saltem
803 4523 862 4586 hac
876 4520 1092 4604 ipsascheda,
1112 4539 1201 4602 quam
1220 4517 1269 4584 hic
1284 4517 1392 4599 scribo,
1413 4520 1415 4526 '

47 4608 329 4690 epismlsmmeam
345 4610 475 4675 claudat
1371 4609 1373 4613 ¹
1403 4640 1407 4649 ’

140 4697 314 4762 Literarum
328 4707 447 4764 tuarum
462 4703 501 4765 ad
517 4700 672 4766 Serarium
687 4719 763 4784 quoe
780 4702 891 4765 debeat
906 4718 974 4762 esse
989 4694 1160 4779 inscriptio,
1178 4699 1228 4763 vel
1243 4698 1390 4781 exipsius

49 4789 241 4872 mtegrapho
258 4789 310 4853 vel
326 4808 364 4879 ex
377 4791 415 4855 iis
431 4792 538 4868 disces,
554 4810 628 4875 quos
643 4791 694 4855 ille
709 4792 781 4854 mihi
797 4797 953 4854 curatores
968 4788 1106 4868 responsi
1121 4788 1296 4854 nominavit
