3142 5476
550 252 862 324 cassamus
1040 192 1072 336 'g
1313 239 1447 310 sos·

63 397 128 467 iens,
140 397 277 478 generali
298 395 515 478 coniciendum
538 396 611 461 dedi.
632 396 804 463 lectoribus
844 401 951 482 Itaque
973 412 1085 482 magna
1105 399 1216 470 fiducia
1236 403 1375 485 responsi

60 486 175 550 tdhsec
194 488 235 551 ad
249 495 284 550 te
300 487 408 550 scribo.
442 487 576 550 Nam'te
590 485 688 556 locum
703 487 800 568 ipsum
815 489 929 564 odisse,
952 508 1042 571 equo
1057 492 1223 555 auctoritas
1245 506 1373 556 wenso-

57 575 101 639 tori
113 581 163 638 too
178 577 309 640 obtenta
325 585 390 652 est,
410 575 492 638 hand
507 576 642 639 credam:
666 576 829 658 aequitatis
852 585 884 640 te
904 597 993 660 spero
1009 579 1073 642 iore
1089 586 1263 644 amatorem
1293 578 1374 652 Quid
1481 650 1484 661 ,

56 665 116 728 erim
129 664 182 728 ills
196 665 357 746 tragoedia
372 666 412 728 ad
426 663 553 728 literas?
581 666 629 729 Ae
644 671 679 728 nt
693 665 813 752 videas,
831 667 902 749 qnid
916 668 954 730 de
968 668 1022 732 illa
1041 685 1074 732 re
1089 668 1232 733 seutiam:
1256 688 1312 751 ego
1328 671 1372 732 sio

54 753 188 831 mimo,
210 755 316 836 cuique
331 768 418 818 sunm
432 761 561 818 stemma
575 773 664 836 qnam
677 754 847 819 rectissime
862 756 1028 836 cognitum:
1052 773 1088 820 ac
1105 775 1170 820 cum
1185 758 1279 822 multa
1294 779 1370 843 qno-

52 842 110 906 tidie
124 862 213 907 casos
229 845 321 920 ierat,
344 843 450 925 quibus
470 843 625 931 contingit
638 844 818 908 intercidere
839 846 1019 909 documenta
1036 847 1223 922 necessaria,
1244 847 1370 931 iniquis-

50 932 112 995 sima
123 932 198 996 mihi
212 934 412 1008 ressidetnr,
431 940 503 1015 post
516 933 786 1015 praescriptionem
805 942 925 999 centnm
947 954 1092 999 annornm
1113 935 1246 1017 quietam
1266 943 1299 1000 et
1312 937 1370 999 im-
1466 1006 1468 1009 ,

50 1022 243 1103 prothetam
268 1023 393 1087 tandem
418 1023 450 1087 in
470 1022 566 1085 lorum
587 1022 683 1085 denuo
704 1024 801 1098 trahi,
824 1022 949 1093 mortuis
970 1024 1113 1099 testibus,
1137 1045 1260 1107 qnorum
1274 1026 1370 1089 tacito

51 1112 276 1175 comanendum
294 1112 436 1174 vixerunt
458 1112 495 1173 de
517 1111 640 1193 reipsa
662 1119 802 1176 constare
824 1112 932 1194 potnit
969 1112 1017 1177 De
1040 1114 1164 1177 consilio
1181 1132 1299 1191 eorum,
1321 1115 1370 1198 qul

18 1212 19 1217 ’
49 1200 110 1264 libro
123 1201 339 1265 anctoritatem
353 1219 422 1264 esse
435 1200 608 1276 voluerunt,
620 1218 727 1267 vnrerrm
745 1220 806 1265 non
826 1209 874 1264 est
894 1201 1062 1284 disputare:
1087 1203 1124 1266 de
1144 1210 1267 1267 anctore
1287 1211 1371 1268 certe
1397 1202 1400 1207 ’

51 1289 85 1352 sis
101 1290 213 1364 sentio,
236 1309 305 1353 cnm
319 1288 602 1370 Germaniafipsnm
617 1289 736 1353 exuisse
758 1309 857 1355 mores
873 1289 1106 1368 Germanorum,
1129 1312 1195 1356 cnm
1213 1294 1306 1358 Italia
1321 1294 1370 1357 in-

51 1397 170 1460 gressam
188 1379 338 1443 Italorum
352 1380 434 1443 vitae
457 1398 551 1460 genus
573 1386 607 1440 et
625 1378 735 1443 studia
769 1379 848 1444 'Etsi
867 1380 976 1445 nullius
997 1401 1093 1465 neque
1110 1381 1254 1446 Germani
1273 1402 1369 1466 neque
1414 1455 1416 1458 Α
1480 1456 1482 1465 Α

50 1468 106 1532 lali
118 1467 237 1533 medati
253 1475 317 1544 est,
337 1488 392 1553 per
412 1465 668 1532 aliorumrninam
688 1489 741 1532 seu
756 1467 872 1550 justam
891 1489 945 1533 seu
964 1469 1108 1551 injustam
1127 1473 1313 1536 contendere
1330 1471 1371 1535 ad
1449 1484 1451 1491 ⁴

51 1557 130 1621 Anae
153 1576 210 1621 sen
231 1558 350 1638 grades
372 1556 534 1638 festigium.
578 1557 654 1620 lfihi
675 1557 774 1622 Taciti
797 1558 927 1622 hominis
951 1559 1074 1641 gentilis
1094 1560 1239 1641 Judioinm
1263 1580 1369 1625 sacro·

50 1654 171 1710 sanctum
189 1646 326 1711 manebit
345 1646 382 1709 de
401 1647 454 1721 iis,
476 1646 526 1727 qni
544 1646 732 1715 voluntarias
752 1648 846 1711 etiam
866 1656 1027 1712 nocentum
1051 1650 1262 1714 accusationes
1283 1650 1368 1733 prin-

50 1737 130 1818 cipum
144 1736 247 1826 studio
267 1736 299 1800 in
314 1755 348 1802 se
370 1742 575 1816 susceperunt
615 1734 679 1800 Sed
699 1736 776 1800 haec
791 1737 865 1810 nihil
884 1738 924 1800 ad
937 1758 1015 1813 rem,
1038 1758 1133 1822 neque
1155 1739 1211 1803 tibi
1226 1746 1369 1821 prosunt;
1394 1718 1412 1749 ’

48 1844 136 1907 nsque,
150 1845 199 1888 me
213 1825 346 1900 hercule,
360 1845 407 1888 me
423 1824 512 1887 valde
516 1824 669 1904 juvarent,
684 1826 719 1902 si,
735 1827 815 1908 qnod
825 1827 976 1907 deprecor,
992 1829 1282 1893 communicarentnr
1291 1827 1368 1892 aliis

48 1915 108 1990 libi,
120 1923 156 1978 ut
170 1933 271 1996 spero,
286 1934 346 1978 non
361 1913 473 1977 deeris:
495 1913 755 1990 hallucinationes,
772 1916 798 1978 si
818 1934 894 1998 qnae
916 1924 1025 1980 nactus
1045 1936 1094 1991 es,
1116 1917 1182 1999 ipss
1206 1919 1369 2000 spoliorum
1422 1922 1423 1929 ’
1489 1965 1491 1970 ,

47 2004 98 2067 sice
110 2024 170 2067 non
184 2023 298 2085 magns
312 2004 435 2085 jactura
454 2001 612 2086 relinques
648 2006 697 2069 Ac
717 2005 834 2068 utinam
852 2005 958 2068 sedate
978 2006 1139 2081 scriberes,
1159 2008 1316 2089 praelatus
1336 2013 1368 2070 te
1438 2084 1441 2091 Ι

46 2094 242 2158 maledicentia
256 2090 401 2176 imparem
416 2112 492 2157 esse.

115 2183 167 2248 Ad
182 2191 323 2264 tempora
337 2182 458 2246 accedo.
485 2182 587 2247 Multa
600 2181 721 2264 quidem
734 2183 832 2265 gestio
848 2201 983 2260 movere3
998 2202 1089 2248 nnnm
1098 2192 1200 2248 tamen
1216 2183 1368 2265 singulare

44 2273 82 2337 hic
100 2293 160 2337 non
175 2291 301 2355 possum
322 2271 433 2336 diutim
455 2272 647 2355 supprimere
682 2271 733 2334 Ex
751 2292 809 2355 qno
828 2272 963 2335 tabulam
983 2291 1085 2354 regum
1105 2273 1272 2356 Babylonis
1295 2295 1314 2336 a
1335 2281 1367 2337 te

42 2362 215 2444 publicatam
228 2361 308 2438 vicli,
328 2381 408 2425 nova
421 2361 494 2424 mihi
509 2362 561 2425 lux
574 2361 695 2430 ridetur
710 2361 796 2451 oriri..
825 2361 891 2425 Nec
907 2361 985 2423 enim
1000 2381 1075 2443 opus
1090 2381 1159 2425 essa
1174 2363 1311 2438 videtur,
1333 2369 1369 2426 ut

41 2452 142 2534 ahquid
155 2452 188 2515 in
204 2470 245 2514 ea
257 2458 400 2526 mutatur,
415 2450 497 2533 qnod
508 2457 551 2526 tu,
565 2451 645 2533 qnod
661 2450 860 2514 ecclesiastici
875 2451 928 2526 toi,
944 2470 1018 2532 quos
1035 2451 1124 2526 dicis,
1139 2452 1219 2533 qnod
1233 2451 1367 2515 Berosus

40 2543 97 2622 ipss
116 2542 198 2604 iecit.
234 2541 368 2605 Primum
388 2558 499 2621 magna
520 2547 569 2603 est
590 2540 654 2620 ejns
677 2540 857 2614 auctoritas,
879 2541 958 2622 qnod
974 2541 1158 2602 astronomia
1179 2540 1277 2622 ipsam
1293 2560 1367 2604 con·

39 2632 131 2694 firmat
149 2632 181 2693 in
204 2630 293 2693 annia
307 2628 822 2711 Nabonassaris,h1ardocempadi‚
845 2628 1013 2711 cambysis,
1033 2629 1129 2693 Darii.
1164 2629 1235 2692 Etsi
1249 2649 1322 2692 vero
1336 2630 1367 2693 in

37 2721 119 2784 mnis
132 2719 391 2802 Nabopolassaria
406 2719 526 2782 ridetur
541 2737 608 2781 esse
625 2717 725 2800 aliqua
741 2719 922 2793 differentia,
945 2737 982 2781 ea
997 2725 1099 2780 tamen
1120 2718 1247 2781 convelli
1267 2726 1391 2799 potest·-
1509 2740 1515 2748 ·

34 2810 215 2885 naiman
250 2829 327 2892 quas
355 2809 428 2872 mihi
450 2816 500 2872 est
529 2806 680 2872 scribendi
704 2808 867 2890 praecipua
890 2825 997 2882 causa,
1028 2825 1097 2872 nam
1122 2807 1160 2871 de
1184 2806 1372 2870 astronomia

34 2899 141 2981 agiffl.
171 2897 329 2975 Oreffiane,
344 2897 491 2979 Scaliger,
506 2896 650 2980 possibile
667 2915 743 2974 esse,
758 2903 794 2960 nt
803 2897 889 2960 salva
898 2897 1083 2959 astronomia
1092 2915 1200 2978 negem
1215 2915 1325 2959 annum
1341 2896 1370 2959 5.
1389 2916 1392 2930 ·

30 2988 289 3070 Nahopolassaris
305 3007 373 3051 esse
385 2983 456 3050 127.
480 2986 725 3052 Nabonassaris?
751 2988 798 3052 At
813 2985 931 3048 omnino
948 2985 1034 3048 salva
1049 2993 1154 3050 manet
1169 2986 1370 3049 astronomia:
1389 2995 1391 3005 ’

31 3079 113 3162 qnod
128 3078 171 3141 sic
184 3078 302 3160 probo.¹
318 3076 512 3140 Ptolemaeus
527 3076 602 3138 nihil
618 3076 733 3157 allegat
748 3093 786 3138 ex
796 3095 880 3139 anno
896 3075 957 3149 illo,
972 3082 1095 3155 praeter
1111 3076 1237 3157 eclipsin
1251 3075 1370 3157 partia-
1461 3068 1466 3081 ‘

28 3169 101 3233 lem.
146 3168 223 3231 lion
242 3167 388 3229 additor
406 3167 590 3229 auctoritate
612 3165 849 3246 consignationis
870 3160 1091 3246 Babylonioae,
1121 3183 1179 3246 quo
1209 3164 1256 3227 die
1287 3165 1398 3244 cujus

25 3257 147 3322 mensis
161 3264 194 3318 et
208 3275 268 3338 qua
282 3256 358 3319 hora
372 3255 471 3318 noctis
487 3255 669 3336 apparuerit
700 3253 763 3318 Sed
777 3260 938 3337 postquam
953 3253 1080 3327 adduxit
1095 3273 1204 3317 annum
1220 3254 1249 3317 5.
1263 3255 1371 3316 Nabo-

24 3346 183 3431 polassris
205 3342 278 3426 (hoo
299 3364 373 3408 sane
388 3344 426 3406 iis
441 3344 559 3430 verbis,
581 3344 687 3425 quibus
710 3344 817 3407 credas
838 3343 927 3406 citari
947 3342 1015 3423 ipsa
1036 3342 1129 3406 verba
1150 3335 1373 3423 observatoris)

23 3444 144 3521 postea
158 3434 441 3515 interpretationem
456 3435 493 3496 de
509 3451 563 3496 suo
580 3433 680 3495 addit:
704 3441 753 3495 est
769 3440 878 3507 autem,
896 3432 1043 3513 inquiens,
1064 3451 1159 3496 anons
1177 3428 1248 3496 127.
1263 3432 1372 3496 Nabo-

23 3524 180 3598 nassaris,
194 3525 259 3587 dies
273 3518 326 3586 27.
336 3523 446 3605 Athyr,
461 3522 537 3585 hora
552 3522 581 3584 5.
596 3522 649 3584 50‘
664 3520 864 3604 Babyloniae:
890 3526 998 3596 (Almsg.
1011 3527 1042 3580 V.
1059 3527 1110 3593 14.)
1133 3521 1175 3584 Et
1189 3527 1299 3603 postea
1313 3522 1373 3587 hac
1463 3528 1467 3540 '

22 3614 144 3696 eclipsi
157 3615 200 3676 sic
213 3613 324 3688 utitur,
345 3619 381 3678 ut
395 3612 454 3675 nisi
468 3611 541 3673 talis
557 3611 648 3674 fuerit
662 3611 790 3674 latitudo
805 3611 910 3674 Lunae
927 3612 966 3673 ad
980 3630 1124 3692 unguem,
1146 3611 1278 3693 talisque
1295 3628 1372 3673 ano-
1392 3621 1395 3629 '

22 3705 127 3769 mdia
142 3703 247 3765 lamnae
261 3703 315 3765 ills
330 3708 531 3783 comparente,
546 3700 665 3776 omnino
684 3700 737 3765 illa
751 3718 890 3764 corruere
912 3700 952 3763 sit
973 3719 1107 3776 necesse,
1131 3718 1207 3782 qnae
1227 3701 1292 3782 ipse
1315 3717 1371 3762 ex·
1392 3717 1396 3729 ’

23 3793 129 3858 Μὴ
151 3800 184 3854 et
199 3792 242 3854 sic
257 3791 444 3854 astronomia
464 3789 660 3871 perIclitetnr.
700 3787 816 3861 Quodsi
838 3790 931 3871 igitur
946 3789 1037 3853 aliam
1059 3790 1218 3852 ostendam
1239 3788 1373 3870 eclipsin,

20 3887 63 3949 in
77 3902 144 3965 qna
157 3881 261 3944 adem
276 3880 406 3942 latitudo
421 3879 527 3942 Lunae
543 3878 705 3961 eademque
721 3880 872 3942 anomalia
889 3878 1022 3960 ejusdem
1031 3879 1182 3942 invenitur
1198 3875 1283 3960 (nam
1296 3877 1373 3940 hora

21 3972 183 4038 noctiset
198 3970 264 4033 dies
276 3969 390 4033 mensis
411 3974 517 4051 potest
538 3967 606 4031 ease
621 3969 696 4044 alia,
719 3986 785 4032 cum
805 3969 1000 4032 Ptolemaeus
1022 3988 1059 4031 ea
1078 3987 1139 4044 non
1153 3975 1260 4030 utatur
1274 3967 1305 4030 in
1320 3965 1372 4029 illo
1395 3988 1397 3993 ’

22 4060 162 4143 negotio
178 4053 438 4139 demonstrando),
453 4065 486 4120 et
501 4063 602 4133 tarum
618 4077 696 4120 anno
714 4053 785 4121 127.
815 4057 1040 4121 Nabonassaris
1063 4057 1091 4119 d.
1108 4052 1158 4120 27.
1177 4055 1280 4138 Athyr
1297 4056 1373 4119 hora

21 4155 61 4218 5.
78 4150 139 4215 50¹
153 4149 361 4230 relinquantur
375 4147 465 4210 iidem
478 4155 587 4223 motus,
604 4166 677 4229 quos
692 4147 886 4211 Ptolemaeus
909 4146 1061 4210 exstruxit
1081 4165 1119 4209 ex
1139 4165 1193 4208 sna
1214 4145 1290 4208 falso
1301 4145 1372 4226 jao-

25 4249 105 4306 tata
122 4239 243 4321 eclipsi:
267 4246 340 4301 tnnc
356 4244 469 4300 certmn
485 4244 541 4311 est,
558 4244 640 4299 stare
655 4255 746 4318 posse
763 4236 991 4311 astronomiam,
1011 4236 1069 4298 etsi
1084 4236 1260 4307 Ptolemaeo
1277 4251 1373 4316 nege-

21 4351 98 4407 mus
124 4344 238 4392 annom
261 4327 291 4392 5.
311 4326 568 4407 Nebopolassaris
592 4345 665 4388 esse
688 4320 758 4388 127.
780 4324 1013 4388 Nabonassaris.
1048 4324 1117 4387 Duo
1136 4323 1229 4404 igitur
1250 4323 1398 4386 feciamt‘

22 4408 154 4502 negabo
178 4415 318 4498 eclipsin,
343 4434 431 4498 quam
445 4416 638 4479 Ptolemaeus
658 4413 745 4489 dicit,
769 4414 863 4477 foisse
885 4415 983 4488 illam,
1007 4429 1095 4496 qnam
1120 4412 1389 4493 consignaverant„

21 4508 207 4593 Babylonii,
223 4514 263 4569 et
287 4513 398 4587 postas
418 4505 592 4579 ostendam,
614 4511 705 4585 quoto
729 4522 808 4565 anno
832 4501 1057 4567 Nabonassaris
1081 4501 1172 4564 fcerit
1194 4501 1261 4578 illa,
1286 4519 1374 4585 qnam
1437 4502 1440 4506 ’

24 4600 255 4681 migrarunt
276 4594 445 4676 Babylonii.
493 4594 541 4657 De
563 4592 740 4675 primo'sic:
778 4592 907 4656 altitudo
933 4591 997 4674 poli
1015 4590 1202 4671 Babyloniae
1232 4598 1281 4655 eet
1305 4587 1373 4676 3532

27 4690 85 4755 Sol
105 4682 224 4752 in126⁰
254 4682 305 4761 Υ,
332 4691 408 4766 puto
431 4683 479 4746 dle
505 4677 557 4747 27.
582 4681 693 4764 Athyr.
735 4681 818 4764 Ergo
840 4689 959 4764 tempos
984 4679 1236 4744 seminoctarnnm
1258 4680 1287 4744 5.
1311 4681 1373 4745 311

26 4781 122 4846 rems
146 4768 332 4859 ergullaora
360 4773 390 4837 5.
420 4771 474 4837 31’
505 4771 561 4836 Sol
589 4770 646 4842 fnit
669 4771 886 4848 ortus,'Luna
912 4770 1004 4852 igitur
1034 4769 1140 4833 eadem
1163 4770 1239 4833 hora
1265 4769 1295 4835 5.
1319 4770 1373 4834 ³1⁴
