3134 5482
209 205 271 265 444
727 203 835 268 Eclogne
862 158 1012 277 Chronieaei

207 385 338 452 pallorem
359 382 494 437 insolitum
516 400 552 436 ex
573 382 776 450 interpositione
796 383 915 446 nubium,
936 384 982 438 rel
1000 382 1066 452 quid
1086 383 1164 449 tale.¹
1195 380 1323 451 Denique
1343 387 1370 433 et
1388 389 1489 434 meurs

208 471 327 517 restrum
347 480 457 516 causam
478 465 576 518 claudo
596 462 736 531 versiculis
757 472 871 532 poetae:
900 516 904 528 ,
976 535 980 542 ι
1554 525 1563 551 a

418 559 494 613 Sunt
515 559 628 618 delicto,
651 567 743 618 tomen
763 561 868 635 quitus
887 556 1032 630 ignouisse
1052 559 1181 617 uelimus,
1537 530 1558 636 ¹

422 637 523 692 Verum
543 640 592 691 aes
609 639 703 708 pinara
722 641 813 692 niteat
833 642 864 692 ia
884 642 1091 698 coronassent
1111 638 1292 709 ego'poueis
1543 632 1561 706 'q'

417 718 707 790 Offeadaraaoculis,
728 736 802 788 quos
823 726 875 772 cat
896 719 1008 790 injurio
1024 719 1118 788 fudit,
1485 716 1488 720 ’
1547 709 1552 742 ”¹

417 798 477 850 Aut
497 799 619 851 tantona
636 815 742 867 porum
762 801 838 851 cavit
858 805 973 851 337373
1004 860 1006 866 Α
1187 866 1190 874 ¹
1391 847 1397 856 ,

428 877 563 948 (Keplerus
588 885 614 933 iu
638 886 766 948 margine:
800 880 980 946 respondetur
1001 876 1073 931 intra
1093 875 1212 958 epistola
1232 871 1311 937 XX.)

218 1016 225 1024 -
295 975 483 1060 Keplerus
506 977 609 1061 pergit
633 985 758 1054 (Epistola
782 988 903 1052 mna:
930 978 968 1045 In
990 999 1075 1043 anno
1097 976 1251 1081 baptismi
1280 983 1391 1041 tecum
1413 977 1510 1054 sentio,

207 1066 295 1145 atin
320 1087 403 1131 anno
426 1067 583 1149 passionis
605 1073 700 1131 tueor
722 1067 974 1141 astronomicum
996 1065 1166 1147 calculum,
1192 1072 1229 1129 ut
1245 1065 1337 1130 rides
1360 1066 1434 1130 folio
1458 1070 1511 1130 137.

207 1154 307 1220 libelli
335 1160 475 1227 (11,709).
505 1155 590 1220 Puto
612 1161 732 1233 autem,
756 1151 916 1235 Christum
938 1155 1137 1238 baptisatum
1154 1159 1183 1218 6.
1201 1154 1276 1219 Jan.
1300 1163 1391 1219 anno'
1404 1153 1513 1218 Juhano

210 1250 261 1324 77,
285 1265 359 1308 cum
380 1242 522 1308 Joannes
545 1243 686 1326 eoeperit
708 1244 810 1329 priori
827 1248 877 1309 73.
900 1244 935 1310 73
952 1244 1034 1308 sesto
1057 1243 1258 1326 expiationis.
1292 1242 1380 1307 Nam
1404 1251 1433 1309 5.·
1452 1243 1513 1308 lior.

209 1339 259 1398 est
281 1332 375 1405 nimis
397 1332 528 1403 ricinus.
573 1331 689 1414 Itaque
711 1333 825 1415 quinto
848 1332 1001 1415 paschate
1025 1331 1168 1396 Christus
1192 1338 1242 1395 est
1265 1335 1435 1416 passast).

296 1424 384 1500 Quae
414 1420 492 1484 mihi
521 1421 640 1502 opponi
671 1428 809 1502 possunt
828 1420 1030 1500 traditiones,
1061 1420 1165 1485 fluunt
1188 1442 1246 1484 eae
1270 1441 1385 1485 omnes
1409 1419 1515 1484 abnuo

207 1509 306 1575 ionte.
344 1505 462 1575 Latina
484 1508 626 1587 ecclesia,
644 1508 779 1574 Lunaris
796 1510 872 1573 anni
892 1511 1028 1587 insueta,
1043 1508 1119 1574 tecit
1135 1515 1186 1575 25.
1204 1509 1316 1574 Martii
1332 1509 1515 1584 drumanes

207 1599 303 1680 (diem
325 1596 520 1680 aequinoctii
542 1596 666 1675 fixum),
697 1618 834 1680 cumque
863 1604 1054 1682 sequeretur
1084 1597 1275 1681 opinionem,
1299 1598 1340 1662 de
1364 1619 1447 1661 anno
1467 1618 1514 1660 nno

206 1687 454 1770 praedicationis
493 1691 525 1749 et
556 1685 718 1751 Christum
755 1686 955 1769 baptizatum
993 1692 1125 1769 putaret
1154 1685 1332 1751 Novembri
1373 1687 1448 1768 anni
1475 1692 1512 1761 74,
1565 1696 1566 1699 ’

206 1792 327 1849 annum
352 1780 403 1840 75.
427 1773 517 1838 dedit
539 1775 772 1856 praedicationi
793 1781 826 1838 et
848 1776 893 1839 sic
915 1796 999 1843 auno
1024 1779 1076 1839 76.
1099 1774 1233 1839 adduxit
1257 1775 1353 1839 illum
1378 1774 1419 1839 ad
1433 1775 1513 1857 passi·

205 1884 312 1944 onem,
333 1884 472 1946 cumque
494 1864 672 1930 naharai
695 1870 779 1932 esset
801 1863 869 1928 dies
885 1863 1025 1930 Soliseo
1049 1863 1201 1943 anno**).
1241 1864 1302 1928 His
1326 1864 1427 1947 igitur
1447 1865 1513 1946 prin·

207 1953 299 2036 cipiis
322 1973 441 2020 omnes
471 1951 659 2027 traditiones
688 1960 823 2035 possunt
850 1951 1006 2033 excusari.
1053 1951 1136 2016 Nam
1159 1951 1217 2036 qui
1240 1952 1349 2020 credit
1374 1953 1514 2018 Christos

206 2040 405 2124 baptizatum
443 2060 531 2104 anno
569 2046 620 2106 74.
656 2042 738 2106 Nor.
777 2049 810 2107 et
848 2037 1053 2124 praedicasse
1084 2037 1205 2115 annum
1236 2063 1344 2106 unum
1370 2047 1409 2107 ,et
1437 2040 1514 2125 paulo

205 2129 368 2212 amplius,
386 2134 423 2192 nt
454 2128 608 2209 Clemens,
640 2130 690 2194 vel
717 2130 774 2211 qui
800 2129 903 2196 credit
930 2128 1129 2213 baptizatum
1152 2133 1184 2192 6.
1206 2125 1284 2194 Jan.
1308 2151 1400 2196 anno
1425 2135 1513 2218 thet

203 2217 408 2303 praedicasse
437 2218 539 2283 anno's
573 2217 666 2296 duos,
700 2225 737 2283 ut
765 2218 964 2301 Epiphanius
995 2223 1027 2281 et
1058 2217 1114 2299 qui
1144 2217 1237 2282 illum
1270 2225 1466 2301 sequuntur:
1492 2217 1511 2280 is
1563 2244 1564 2278 1

134 2318 138 2326 ’
206 2306 330 2389 cogitur
346 2306 455 2386 fateri,
486 2308 699 2375 resurrexisse
721 2327 805 2372 anno
829 2312 880 2370 76.
904 2307 956 2370 die
976 2303 1060 2393 Solis
1091 2311 1143 2371 25.
1166 2306 1280 2371 Martii
1313 2308 1409 2390 (quia
1433 2306 1512 2391 pleni·

205 2394 330 2460 lunium
357 2395 446 2473 huic„
458 2395 601 2479 propius,
632 2416 730 2478 qnam
752 2396 954 2480 sequentifl.
978 2393 1120 2477 Aprilis),
1153 2394 1239 2459 idem
1264 2397 1378 2461 dicere
1402 2398 1511 2478 cogitur,

206 2483 368 2548 Christum
381 2504 521 2567 passum,
535 2505 607 2547 curn
620 2493 703 2549 esset
715 2492 812 2549 natus
824 2505 926 2550 annos
937 2488 986 2556 31,
1002 2491 1043 2548 40
1052 2483 1145 2547 annis
1153 2491 1229 2547 ante
1245 2485 1411 2550 excidium
1420 2484 1511 2548 Hiero·
1565 2527 1566 2530 κ

205 2571 442 2655 solymitannm,
474 2580 515 2646 30
539 2580 617 2651 ante,
638 2595 752 2639 necem
770 2572 895 2653 Jacobi,
917 2570 959 2638 v12
983 2578 1059 2637 ante
1082 2571 1270 2643 divisionem
1297 2574 1511 2657 Apostolorum

206 2666 248 2726 35
277 2669 353 2724 ante
376 2659 453 2724 belli
468 2659 604 2744 ,Judaici
627 2662 814 2744 primordia,
845 2667 884 2727 37
910 2668 986 2727 ante
1008 2680 1119 2725 necem
1142 2660 1392 2743 Apostolorum.
1437 2661 1513 2727 hbuti

149 2782 152 2787 ·
205 2770 281 2831 ergo
304 2748 418 2814 videris
441 2750 633 2815 auctoritate
654 2750 767 2835 synodi
785 2752 818 2815 in
834 2750 993 2815 decisione
1016 2750 1060 2813 rei
1076 2749 1192 2827 iactae,
1208 2771 1272 2815 nec
1288 2759 1372 2834 puto
1388 2751 1513 2834 prodesse
1563 2805 1566 2823 ,

203 2827 288 2903 hanc
298 2837 487 2902 invidiosam
498 2838 610 2922 synodi
622 2838 879 2922 praetensiouem
891 2839 955 2902 tuis
968 2838 1124 2920 partibus.
1153 2846 1194 2910 (Iu
1213 2855 1336 2915 margine
1356 2854 1512 2914 maesse:

205 2927 275 2991 Hoc
302 2926 430 2991 interim
452 2947 562 2990 rernm
589 2937 652 2992 est:
683 2926 828 3011 Synodns
851 2929 1012 3010 inquirere
1035 2932 1142 3010 potest
1164 2927 1359 2993 testimonia
1382 2951 1472 3013 snper
1488 2947 1513 2989 re
1561 2935 1565 2987 7

203 3015 299 3093 fecta,
323 3020 478 3095 statuere,
502 3022 539 3080 nt
560 3016 593 3079 in
616 3017 872 3099 dogmatanon'
885 3021 1007 3099 potest:
1031 3036 1090 3079 uec
1114 3020 1151 3079 ut
1174 3013 1389 3099 disciplinam
1413 3016 1512 3084 ecclesi·
1561 2998 1565 3042 ¹

204 3103 339 3169 asticam
362 3104 409 3169 sic
423 3104 588 3169 historiam
604 3106 650 3170 rei
665 3111 774 3188 gestae
798 3105 947 3171 territare
971 3102 1100 3187 potest.)
1124 3103 1264 3186 Respice
1287 3104 1332 3169 ad
1350 3107 1512 3172 Baroniun.
1559 3046 1565 3188 i

204 3193 262 3275 qui
290 3193 393 3256 multo
424 3193 599 3259 consultius
628 3194 692 3259 ista
717 3194 915 3276 allegatione
937 3192 1100 3272 abstinuit,
1131 3213 1173 3260 ne
1196 3192 1338 3273 silescat
1363 3196 1514 3261 auctoritas
1560 3188 1565 3283 ,¹

130 3292 133 3307 '
204 3279 320 3346 harum
332 3281 569 3363 allegationum,
583 3283 609 3346 si
622 3282 754 3348 adhaec
765 3282 1004 3365 impertinentia
1021 3281 1204 3346 trahantur.
1240 3285 1291 3347 Ac
1302 3281 1513 3367 profectomihi

204 3357 303 3452 caput
316 3368 395 3434 illud
408 3390 447 3445 er
461 3370 551 3434 Beda
565 3372 749 3455 iterumque
763 3373 944 3452 iterumque
955 3369 1127 3440 resolventi
1142 3369 1281 3436 subinde
1294 3374 1390 3439 cordi
1402 3380 1455 3450 est,
1465 3370 1512 3434 exi·
1559 3371 1563 3452 ξ

203 3476 270 3541 gua
291 3457 349 3520 illa
364 3458 616 3523 Christianitatis
636 3450 831 3524 incunabula
854 3458 989 3525 honeste
1010 3457 1120 3522 velare
1141 3459 1251 3541 potius
1268 3467 1304 3525 et
1318 3443 1410 3543 t'aciii
1432 3461 1513 3524 anino

204 3547 358 3630 accipere,
383 3567 480 3628 quarn
502 3548 650 3613 licentius
672 3549 706 3612 in
729 3555 878 3632 apertum
901 3547 1008 3629 adque
1038 3552 1165 3611 nostras
1192 3546 1372 3614 hodiernae
1395 3550 1512 3632 argutias

203 3635 422 3718 protrahendo
445 3637 649 3701 confundere.
680 3637 811 3721 fOpincr
827 3643 859 3700 te
875 3637 981 3721 ridere
1006 3635 1084 3718 qnid
1101 3635 1208 3700 velim.
1244 3637 1373 3703 Causas
1395 3639 1437 3702 ibi
1457 3658 1510 3700 eon·

204 3724 290 3806 quiri
312 3725 406 3799 vides,
431 3745 489 3788 cnr
511 3725 579 3790 dies
601 3727 770 3802 Dominica
786 3725 876 3798 nobis
891 3724 1090 3801 honoranda,
1114 3743 1258 3805 quanlm
1274 3748 1343 3791 una
1359 3735 1409 3792 est
1423 3723 1511 3790 mnndi
1555 3717 1560 3790 l

202 3812 352 3877 conditus
380 3812 414 3877 in
445 3812 650 3895 aequinoctio.
676 3836 782 3893 verno,
815 3813 920 3878 altera
950 3813 1067 3889 Christi
1096 3814 1304 3879 resurrectio.
1353 3816 1440 3882 Haec
1464 3813 1511 3908 dnn
1554 3794 1559 3902 l

180 3919 184 3924 ’
203 3908 351 3983 tempora
362 3901 530 3986 Theophili
544 3925 610 3967 non
624 3903 720 3967 aliter
736 3904 892 3981 coierunt,
908 3901 1050 3987 quamsi
1062 3900 1292 3982 designaretur
1306 3904 1510 3969 resurrection
1553 3905 1558 3990 7

147 3987 149 3991 ’
204 3995 258 4053 25).
281 3989 401 4055 Martii.
432 3995 475 4056 At
498 3991 661 4055 demendi
684 3993 814 4080 conditu
830 4013 896 4055 non
910 3994 1098 4055 asseverant
1112 4011 1152 4053 ex
1168 3991 1349 4058 traditione
1369 3997 1508 4078 najaram
1554 3987 1557 4040 ¹

204 4079 259 4142 sed
292 4100 331 4142 ex
361 4079 487 4144 ratione
511 4080 725 4144 controversa.
772 4081 947 4144 Praeterea
973 4085 1052 4143 tnnc
1074 4099 1134 4143 nec
1163 4085 1237 4143 erat
1269 4082 1323 4145 die
1350 4089 1402 4148 25.
1424 4098 1509 4144 rernm

203 4164 452 4249 aequinoctium,
476 4166 533 4233 nec
556 4169 683 4233 omnino
707 4169 823 4232 Martio
838 4169 872 4231 ln
887 4189 993 4244 rerum
1009 4174 1093 4233 ortu.
1133 4168 1181 4231 De
1197 4172 1442 4235 resurrectionis
1454 4187 1509 4229 rur

201 4256 255 4321 die
288 4257 375 4322 vides
406 4277 580 4338 provocare
604 4257 814 4342 Theophilum
840 4257 887 4343 ad
917 4257 1069 4323 ecclesias
1092 4256 1296 4338 Gallicanas,
1329 4281 1412 4343 qnae
1439 4259 1508 4322 huns
1550 4275 1551 4280 ¹

204 4480 205 4483 ’
282 4472 308 4538 ‘l
329 4478 404 4535 runc
414 4476 529 4548 quidem,
540 4476 601 4529 oum
612 4475 666 4529 ista
675 4476 872 4539 scriberentnr;
888 4466 1084 4546 posterioribus
1095 4474 1182 4529 literis
1192 4471 1503 4544 pnssnssnmmedoeeri
1546 4485 1553 4575 j,

269 4574 309 4634 ⁸¹)
332 4573 515 4645 Coqjecturae
536 4581 599 4627 sunt
619 4575 653 4626 de
673 4572 770 4638 causis,
792 4591 841 4627 cur
860 4578 946 4627 annus
961 4573 1006 4627 76.
1029 4588 1047 4625 3
1066 4571 1195 4641 patribus
1217 4577 1396 4630 communiter
1413 4565 1506 4643 pastea
1547 4577 1553 4634 ξ

202 4655 348 4708 tribuatur.
390 4656 503 4723 Semper
523 4654 693 4712 verisimilius
715 4661 765 4716 est,
788 4671 897 4708 causam
918 4653 1067 4723 genuinam
1086 4652 1159 4707 huno
1183 4671 1253 4716 esse,
1277 4657 1342 4727 qnia
1360 4656 1505 4725 paterere
1545 4636 1551 4751 ξ

187 4734 248 4786 'illo
271 4751 340 4787 3333
362 4735 516 4804 contigerit.

345 4817 354 4842 Ι
