3194 5482
14 413 19 480 l

577 282 607 333 ds
618 281 691 332 rebus
703 281 887 347 chronologicis
1359 263 1401 330 81

84 417 148 491 duod
168 428 202 483 ut
224 428 316 484 tanto
331 421 445 484 rectius
461 418 608 503 explicem
630 432 721 507 atque
743 432 778 488 ut
800 425 880 507 apud
900 424 997 487 virum
1018 423 1173 489 literatum
1193 426 1252 488 hoc
1267 431 1403 506 tempore

80 511 259 573 romaicum
275 519 380 573 strena
395 511 532 575 literaria
548 531 746 593 compaream,
762 534 819 595 age
835 514 1007 577 adscribam
1021 515 1187 594 perfectam
1203 515 1316 577 dierum
1332 515 1404 577 anni

12 635 16 676 ζ
79 599 169 661 setena
189 599 322 662 Romani
345 620 413 663 cum
434 621 513 664 anno
534 600 657 675 Juliano
680 606 922 685 congruentiam,
943 604 988 665 oti
1010 604 1129 683 quidem
1150 605 1194 666 illi
1216 626 1246 666 a
1256 604 1403 685 principio

11 683 18 764 ὲ,

77 688 130 749 belli
145 689 243 752 civilia
265 709 360 770 usquc
383 691 423 753 ad
444 691 590 753 abolitam
612 712 679 756 eam
702 694 850 767 rationem
872 715 891 756 a
912 692 1044 756 Caesare
1068 693 1276 756 cohaeserunt
1329 694 1403 755 Ideo

75 777 165 852 adte,
187 779 258 860 qnia
279 780 429 841 neminem
450 781 590 843 existimo
612 782 643 845 id
666 783 814 846 hactenus
837 783 1003 857 iudicasse,
1025 789 1058 843 et
1079 783 1148 863 quia
1170 801 1237 845 cnm
1259 783 1296 859 de
1312 790 1403 845 ante-

21 900 23 903 ·
75 865 233 930 cedentibus
250 869 339 931 annis
356 863 476 949 (paucis
492 866 644 952 exceptis)
660 873 832 934 necessario
849 872 1035 952 desperetur,
1051 872 1193 935 credibile
1210 879 1266 947 est,
1283 879 1402 934 ceteros

75 956 275 1038 antiquitatum
291 958 446 1020 studiosos
462 959 556 1022 etiam
571 960 607 1022 de
622 962 671 1023 bis
680 969 816 1042 quatuor
830 961 944 1023 ultimis
959 961 1146 1040 desperasse.

144 1045 279 1109 Constat
295 1067 406 1110 anuum
419 1046 625 1130 Popilianum,
648 1070 705 1132 quo
726 1051 773 1112 usi
794 1058 865 1112 sunt
879 1050 1009 1122 Romani
1031 1058 1103 1111 ante
1118 1051 1287 1125 Julianum,
1310 1049 1403 1112 inisse

17 1137 19 1146 '
74 1134 169 1196 diemm
184 1136 262 1211 355,
277 1156 463 1199 communem
478 1138 611 1213 scilicet,
633 1140 847 1202 intercalatum
861 1158 932 1201 vero
954 1160 973 1200 a
993 1138 1184 1219 pontificibus
1196 1140 1268 1220 lege
1285 1139 1404 1221 quidem

14 1244 15 1248 ¹
74 1231 153 1299 crta,
176 1226 233 1287 sed
249 1226 413 1288 arbitraria
428 1227 505 1307 legis
521 1228 742 1290 observatione.
786 1229 857 1293 Jam
879 1248 916 1290 ex
941 1228 1070 1296 lectione
1094 1228 1156 1291 ista
1171 1228 1247 1292 baec
1264 1246 1330 1290 sum
1345 1227 1402 1290 ad-

17 3152 18 3167 ,
98 3114 224 3168 Calendaa
236 3116 332 3168 Janna·

74 1322 157 1394 optus:
184 1310 219 1394 l)
237 1315 361 1378 ineunte
377 1316 457 1378 bello
474 1315 554 1378 civili
570 1318 645 1380 nibil
660 1318 872 1380 intercalatum
878 1337 887 1391 ;
912 1312 948 1397 2)
965 1317 1070 1380 eodem
1086 1326 1165 1380 anno
1182 1318 1405 1400 aequinoctium

75 1404 178 1464 vernale
195 1405 291 1466 luisse
307 1406 356 1467 vel
370 1404 473 1467 XVII.
489 1406 537 1467 vel
552 1406 639 1476 XVI.
656 1406 722 1471 Cal.
735 1400 827 1469 Juuii.
872 1407 930 1469 His
941 1407 1007 1487 jam
1022 1407 1172 1469 addantur
1188 1417 1220 1469 et
1234 1408 1303 1482 illa,
1325 1406 1405 1488 quod

73 1486 98 1570 3)
110 1492 189 1554 Dion
207 1494 288 1555 omni
305 1495 531 1556 asseveratione
548 1497 728 1571 contendat,
752 1494 916 1558 Caesarem
929 1515 1010 1557 anno
1026 1496 1130 1558 ultimo
1145 1496 1298 1570 Romano,
1318 1514 1406 1578 quem

71 1581 238 1665 oniusionis
260 1602 371 1646 anuum
393 1583 511 1658 dicunt,
533 1584 686 1647 addidisse
710 1579 786 1669 (non
802 1578 885 1664 plus)
906 1580 948 1647 67
965 1584 1045 1658 dics;
1074 1579 1111 1664 4)
1135 1587 1215 1666 quod
1231 1585 1405 1659 Suetonius,

70 1666 256 1747 Censorinus,
282 1673 473 1747 Macrobius,
500 1671 630 1736 Solinus
646 1674 815 1746 affirmant,
844 1674 970 1735 eundem
992 1692 1103 1735 annum
1125 1683 1287 1754 praeterea
1311 1675 1405 1738 etiam

69 1777 94 1820 u
107 1761 325 1824 consuetudine
341 1761 553 1824 intercalarem
568 1763 669 1825 fuisse.
710 1763 892 1843 Comparari
914 1763 1007 1842 igitur
1027 1762 1133 1824 ultima
1155 1781 1221 1826 cum
1243 1763 1348 1845 primis
1371 1769 1405 1825 et

69 1847 253 1927 deprehendi,
277 1850 456 1913 intermedio
478 1858 614 1934 tempore
635 1853 715 1915 inter
735 1852 854 1914 initium
874 1852 946 1915 belli
969 1851 1066 1914 civilis
1089 1861 1122 1914 et
1144 1853 1271 1934 primum
1294 1871 1405 1914 anuum

68 1935 208 2001 lulianum
224 1940 347 2020 saepius
362 1940 538 2004 intercalari
560 1962 620 2004 non
641 1941 792 2023 potuisse,
815 1961 904 2024 quam
926 1960 1005 2004 anno
1026 1942 1219 2006 confusionis.
1251 1941 1407 2005 Restabat

71 2027 128 2089 uibi
144 2029 181 2090 de
198 2029 289 2091 unico
304 2029 404 2093 adbuc
420 2030 467 2092 die
484 2030 642 2094 dubitatio.
673 2032 762 2095 ,Nam
775 2031 996 2105 Mercedonius,
1012 2047 1090 2093 anno
1107 2031 1291 2094 confusionis
1304 2031 1404 2093 inter-

68 2116 187 2193 calatus,
217 2119 349 2180 fueritne
371 2121 413 2181 22
436 2140 475 2181 an
498 2120 539 2183 23
564 2120 694 2197 dierum,
721 2121 934 2201 ignorabatur:
971 2138 1066 2202 neque
1091 2119 1123 2182 id
1148 2139 1188 2182 ex
1212 2120 1427 2202 aequinoctio¹

67 2206 227 2286 supradicto
244 2208 353 2288 conjici
367 2216 498 2289 poterat,
513 2218 676 2291 propterea
692 2211 772 2293 quod
787 2210 896 2272 ibidem
912 2209 999 2271 unius
1015 2209 1074 2270 diei
1091 2209 1241 2273 dubitatio
1264 2210 1296 2272 in
1312 2208 1403 2273 Cice-

66 2311 121 2356 rone
142 2296 334 2379 relinquitur.
380 2297 415 2360 Si
433 2298 536 2361 XVII
561 2298 626 2364 Cal.
647 2301 717 2363 Jun.
738 2299 808 2361 anni
834 2299 948 2361 veteris
970 2298 1138 2360 referebam
1163 2300 1203 2361 ad
1225 2299 1275 2363 24
1298 2297 1404 2362 Martii

66 2385 266 2462 uniJaliani,
288 2394 432 2468 poterant
447 2407 514 2449 esse
530 2389 572 2452 23
596 2389 660 2451 dies
675 2389 866 2463 intercalati,
896 2395 1040 2469 quantum
1063 2385 1248 2451 Censorinus
1265 2405 1404 2451 asserere
1478 2375 1481 2388 ’
1524 2448 1527 2451 a

65 2473 168 2537 ridetur
183 2483 278 2556 atque
294 2476 387 2538 etiam
403 2477 565 2539 Manutius.
596 2479 644 2541 At
659 2479 886 2559 supponendum
903 2485 959 2551 est,
976 2495 1011 2538 eo
1028 2484 1163 2557 tempore
1180 2478 1404 2563 aequinoctium

66 2560 240 2628 incidissem
258 2566 308 2627 25.
325 2565 538 2629 attuatii
562 2561 719 2649 (quorsum
734 2568 765 2629 id
781 2565 898 2630 Caesar
914 2559 1066 2644 contulit).
1097 2566 1203 2639 Adde,
1226 2568 1307 2647 quod
1322 2586 1401 2628 anno

16 2644 19 2668 ¹
67 2653 238 2715 conmsionis
255 2649 461 2735 (perauctum
476 2650 717 2736 Mercedonium)
740 2657 936 2737 gignerentur
953 2655 1016 2716 dies
1032 2653 1113 2728 445,
1136 2673 1211 2737 qnos
1227 2655 1404 2717 Macrobius

66 2740 114 2803 443
130 2742 222 2816 iacit,
246 2744 383 2825 quamvis
399 2743 538 2824 Scaliger
560 2745 624 2807 444
646 2746 740 2826 legat.
786 2740 922 2807 Tandem
943 2744 1036 2825 igitur
1060 2742 1103 2804 sic
1127 2743 1278 2819 conclusi,
1300 2742 1403 2807 xvlu

68 2826 117 2891 Cal
131 2832 216 2893 ,lunii
233 2833 396 2895 cohaerere
412 2833 661 2901 consonanti
678 2829 832 2917 (iuliani).
871 2830 938 2904 Quo
954 2833 1056 2915 posito
1083 2832 1110 2894 si
1125 2832 1281 2914 superiora
1295 2830 1402 2896 mami-

66 2919 190 2997 nerimus,
204 2921 285 2984 baec
301 2928 444 3004 sequetur
460 2923 619 2986 connexio:

439 3080 475 3133 49
598 3040 604 3047 ’
819 3082 860 3132 14.
869 3080 932 3132 Nor.
1121 3073 1168 3132 to*

440 3152 476 3204 48
588 3151 766 3218 Popilianlcc·
833 3151 931 3205 8.an
986 3188 1046 3239 mi
1119 3151 1155 3203 49
1226 3187 1329 3241 hm

111 3189 315 3313 mffltt’
440 3218 476 3275 st
591 3225 766 3283 sarmatam
815 3222 926 3275 aeota
1118 3222 1155 3274 es

440 3293 476 3347 46
817 3294 926 3347 leont
1118 3287 1155 3345 47

363 3367 406 3431 qui
418 3374 457 3417 ast
473 3380 553 3418 annus
580 3402 586 3413 .

384 3437 533 3489 domuncula

63 3611 209 3697 ilabetque
232 3634 329 3677 annus
350 3615 533 3678 confusionis
555 3616 770 3679 intercalarem
785 3622 978 3690 consuetum,
1000 3622 1081 3677 teste
1098 3612 1261 3691 Suetonio,
1284 3615 1399 3692 Selino,

62 3702 224 3779 Macrobio,
246 3702 424 3768 Censorino.
468 3706 663 3769 Intercalaris
687 3705 802 3768 dierum
824 3706 883 3780 22,
906 3706 1092 3784 suffragante
1110 3703 1273 3780 Cicerone,
1294 3705 1397 3779 ubido

62 3793 240 3874 aequinoctio
257 3793 405 3874 loquitur,
426 3802 533 3856 contra
547 3795 716 3858 Manutium
733 3801 824 3875 atque
841 3793 1047 3857 Censorinum.
1090 3793 1175 3867 Dies,
1192 3814 1266 3876 quos
1283 3792 1399 3861 Caesar

62 3879 127 3945 inter
147 3883 356 3945 Nouembrem
378 3891 411 3944 et
428 3883 627 3947 Decembrem
650 3883 768 3947 addidit
793 3883 824 3945 in
845 3883 961 3945 duobus
982 3881 1135 3945 mensibus
1157 3882 1398 3957 intercalaribus,

62 3978 121 4032 sunt
135 3967 194 4046 67,
215 3971 315 4033 Dione
332 3979 428 4047 teste,
450 3981 556 4036 contra
571 3974 754 4048 Manutium,
770 3970 881 4054 quibb
897 3971 1041 4053 penitet
1057 3970 1263 4046 Censorinum,
1279 3969 1395 4054 quita

61 4056 172 4122 Summa
186 4060 303 4122 dierum
319 4081 390 4123 anm
383 4061 589 4125 confusionis
604 4062 678 4137 444,
693 4069 774 4124 teste
788 4060 946 4125 Macrobio
963 4060 1169 4141 Scaligerano,
1185 4069 1292 4125 contra
1308 4078 1397 4169 quam

62 4149 176 4230 uulgata
189 4150 307 4213 habent
323 4151 508 4232 exemplaria
522 4152 596 4215 443.
693 4197 695 4204 ·

131 4238 328 4320 Explioemus
343 4258 424 4303 nunc
439 4249 503 4333 tres
517 4259 638 4304 menses
654 4240 734 4316 anni,
749 4259 807 4322 quc
822 4239 934 4304 bellum
950 4238 1037 4303 civile
1053 4246 1194 4320 coeptum
1208 4237 1274 4302 luit
