3142 5482
549 233 657 297 Eclogac
677 232 822 282 chronicae.
1285 241 1347 300 479

25 406 267 470 ιοιιιιιιίιιιιιιι
289 423 347 487 ego
369 406 446 475 ridi
472 406 612 490 ¹‹tquuun
614 427 653 470 ur
679 408 711 470 in
734 425 848 488 genere
875 407 914 472 de
936 407 1096 472 veteribus
1119 408 1260 474 Judaeis.
1308 413 1349 477 Et
1375 424 1378 434 '

25 501 152 559 notum
159 503 217 573 est,
243 495 317 559 illos
333 488 534 560 Constantini
557 496 754 577 temporibus
777 498 904 579 saepius
925 518 989 561 uno
1005 516 1089 560 anuo
1113 498 1177 563 duo
1197 498 1348 564 habuisse

22 583 190 666 paschata,
214 583 318 647 altero
332 584 466 671 nullum
502 580 553 650 Sic
567 589 708 649 testatur
721 605 826 649 canon
838 585 1051 667 Apostohcus
1067 605 1191 650 errasse
1205 586 1348 675 Judaeos

21 672 111 736 circa
134 672 255 754 pascha
284 658 429 759 proxime
454 667 606 739 Christit
592 681 750 756 tsscmpora
796 676 903 752 Quare
931 671 1078 740 omnibus
1107 674 1209 740 modis
1239 672 1346 741 serisi-

20 761 112 824 nrilia
136 761 214 826 dicit
234 756 444 855 Epiphanius
457 762 496 826 de
520 763 607 844 cyclo
636 779 793 828 annorum
816 769 888 840 84,
904 762 937 825 in
960 765 1050 845 cnjus
1078 764 1166 826 exitu
1130 764 1348 829 tacciderit

20 855 172 932 προληψις
194 848 283 914 bidui
303 849 353 913 vel
374 841 484 914 tridui.
528 851 629 951 Cujus
651 849 731 933 cycli
753 849 895 933 disposit
887 874 962 941 iq
873 851 1012 915 ttalis
1026 842 1110 915 suit:
1080 851 1166 915 tin
1187 853 1304 915 annis
1305 859 1344 918 14

19 938 260 1003 intercalarent
289 955 414 1009 meuses
433 948 456 1004 5
480 938 527 1005 ιιι
513 940 614 1005 ternis
637 941 758 1023 plenos
778 945 811 1002 ct
833 960 944 1018 casos,
971 946 1002 1002 ct
1025 946 1118 1021 praet
1120 959 1193 1005 crea
1221 941 1288 1004 dics
1314 946 1343 1006 5.

20 1026 140 1130 ltaque
162 1028 256 1110 primi
283 1032 322 1090 14
344 1028 420 1091 anni
447 1027 638 1092 habuerunt
652 1027 718 1092 dies
742 1032 840 1106 5109,
868 987 961 1091 alteii
987 1032 1026 1093 14
1055 1030 1131 1094 anni
1158 1025 1347 1110 dies15106,

20 1124 51 1179 ιι
75 1118 122 1181 sic
146 1137 271 1198 semper
293 1116 340 1195 alt
341 1117 437 1188 ernis
461 1113 554 1181 toties
578 1122 595 1179 5
619 1115 731 1181 diebus
753 1117 859 1180 minus
882 1116 1079 1218 colligentes,
1097 1138 1202 1207 quarn
1224 1079 1347 1184 hebeni

20 1205 99 1268 nuni
127 1209 167 1268 14
190 1205 316 1269 Juliani.
357 1203 544 1269 Sexiest
486 1210 544 1269 aut
545 1225 608 1268 em
619 1209 637 1268 5
660 1211 737 1269 sunt
754 1211 794 1270 30
819 1211 853 1269 et
873 1205 974 1269 sexies
1000 1211 1039 1269 14
1062 1213 1138 1271 sunt
1157 1211 1209 1290 64,
1234 1207 1345 1289 itaque

20 1300 108 1376 post
119 1292 218 1357 finem
244 1292 320 1358 anni
342 1299 385 1358 84
408 1293 607 1372 embolimaei
637 1294 832 1376 sequebatur
861 1293 944 1357 alius
973 1293 1199 1360 embolimaeus
1229 1299 1347 1361 mensis

20 1383 151 1465 plenus,
173 1387 205 1446 et
227 1383 259 1446 in
281 1362 416 1446 aliorum
432 1387 474 1447 84
496 1401 653 1461 annornm
675 1382 741 1446 fine
762 1386 871 1468 oarns‘,
891 1388 928 1445 ιιι
942 1382 988 1446 sic
1009 1388 1096 1447 totus
1119 1385 1224 1465 cyclus
1248 1366 1346 1452 firerit

20 1491 183 1535 annorum
205 1475 290 1548 168,-
288 1469 431 1554 quibus
440 1471 480 1536 de
498 1452 666 1543 modulot
652 1472 786 1537 totidem
808 1491 966 1535 annorum
985 1470 1187 1535 Julianorum
1202 1473 1347 1539 decessit

20 1560 90 1623 dies
113 1580 191 1638 una,
203 1565 346 1642 propter
377 1579 489 1624 carum
517 1559 760 1624 embolimaeum
786 1580 927 1624 mensem
949 1559 982 1622 in
1004 1558 1068 1622 fine
1091 1580 1249 1625 annornm
1275 1567 1346 1627 168.

20 1648 93 1712 Hoc
121 1608 218 1712 modo
247 1668 332 1714 anuo
353 1635 493 1714 Juliano
513 1648 647 1713 decessit
633 1653 747 1732 ttsep
749 1649 813 1712 ima
842 1669 917 1730 pars
921 1646 1045 1748 hqree
1071 1648 1137 1710 et
1129 1669 1162 1711 ιιι
1189 1655 1227 1712 14
1255 1644 1347 1714 annis

20 1737 195 1815 bihorium,
219 1737 306 1820 quod
321 1736 502 1822 Epiphanio
525 1743 574 1800 est
594 1737 674 1802 hora
697 1758 773 1816 una,
796 1737 906 1801 dividit
892 1733 1049 1801 tenimt
1050 1744 1138 1801 οιιιιιι
1159 1748 1345 1868 ιιχθηιιιρὸι

20 1827 49 1889 ιιι
74 1825 176 1890 hores
202 1830 252 1888 12.
313 1876 320 1890 .

110 1914 156 1977 Et
178 1915 255 1996 quia
276 1921 406 1998 practer
433 1879 611 1997 opinionem
637 1912 701 1977 huc
723 1934 794 1977 snm
820 1913 997 1996 ingressus,
1008 1912 1142 1980 addam
1170 1870 1281 1994 aliqua
1302 1916 1344 1980 acl

20 2002 165 2067 intellect
152 2011 222 2081 tum
254 2003 349 2105 huJ‘us
382 2003 461 2086 cycli
494 2002 698 2086 pertinentia.
757 2000 820 2084 lgit
821 2022 861 2065 nr
892 2003 1019 2082 gemina
1053 2014 1101 2067 est
1134 2003 1323 2069 considerat
1300 2011 1346 2069 tro

20 2112 191 2169 annorum,
215 2093 411 2161 mensiumc
393 2092 573 2168 etdierum,
597 2090 702 2155 altera
724 2091 849 2170 calculi,
873 2090 977 2156 altera
996 2111 1082 2155 usus.
1117 2091 1156 2154 ln
1171 2111 1264 2156 usum
1280 2114 1344 2157 non

20 2180 225 2264 recipiuntur
254 2180 369 2260 horae,
399 2186 436 2245 ut
462 2182 495 2247 in
523 2179 655 2245 calculo.
701 2178 776 2244 Jam
799 2177 997 2281 Epiphanius
1025 2179 1169 2262 loquitur
1197 2181 1237 2269 de
1265 2187 1344 2245 tem·

20 2267 155 2351 poribus
185 2267 318 2346 calculi,
348 2271 380 2349 iu
391 2289 474 2351 quo
504 2289 605 2333 annus
624 2266 801 2332 Julianus
813 2267 896 2332 est'
887 2269 947 2369 ipsi
975 2267 1005 2332 d
1029 2274 1102 2334 365
1121 2269 1151 2333 h.
1178 2274 1207 2347 3,
1231 2272 1346 2334 mensis
1406 2337 1411 2357 ,
1529 2295 1532 2309 ·

20 2359 162 2422 hunaris
185 2317 339 2422 omuisd
364 2342 460 2422 2911.
478 2364 508 2423 6.
542 2359 591 2422 Ex
610 2356 672 2422 hoc
694 2359 859 2441 sequitur,
872 2358 967 2422 etiam
989 2357 1195 2422 intercalares
1219 2379 1344 2423 menses

20 2446 105 2528 ipsi
105 2446 232 2511 essed.
256 2446 350 2511 295.
369 2446 445 2510 oin
468 2438 602 2510 calculo.
638 2443 672 2509 Si
693 2445 767 2511 hoc
775 2466 894 2523 verum,
919 2466 993 2528 ergo
1015 2446 1049 2509 in
1070 2467 1132 2509 usu
1154 2446 1214 2510 alit
1201 2453 1254 2510 ter
1272 2447 1367 2513 fieri

20 2557 84 2599 non
107 2535 228 2617 potuit,
251 2534 329 2616 quin
351 2544 476 2600 menses
497 2535 707 2599 intercalares
727 2542 836 2601 essent
858 2534 1005 2598 alternis
1010 2534 1096 2617 pleni
1119 2540 1151 2599 et
1168 2536 1246 2615 cari,
1271 2558 1346 2618 pro·

20 2625 102 2725 priq
114 2629 152 2686 et
170 2629 321 2705 separato
343 2624 461 2701 ordine,
485 2623 541 2706 qni
562 2644 626 2689 non
649 2622 854 2707 perturbaret
840 2621 1023 2687 tordinem
1045 2622 1213 2691 eundem
1204 2644 1238 2687 m
1260 2624 1345 2689 ordi·

20 2713 120 2776 uariis
150 2712 382 2789 remensibus,
407 2696 560 2799 sedeum
582 2715 710 2778 tantum
731 2712 923 2776 imitaretur.
957 2709 1112 2794 Sequitur
1134 2731 1218 2814 ergq,
1243 2732 1345 2781 annos

20 2806 59 2865 14
79 2801 214 2885 priores
236 2799 405 2865 hahuisse
399 2794 551 2883 primum
573 2806 606 2865 et
626 2800 684 2864 ult
662 2806 775 2865 timum
801 2800 922 2882 plenos.
967 2799 1074 2904 Atque
1094 2799 1244 2864 hiuc't
1195 2821 1227 2865 ιιι
1230 2800 1345 2882 telligi-

20 2911 103 2966 mus,
120 2889 155 2954 id
171 2889 259 2972 quod
276 2889 472 2973 Epiphanius
487 2910 551 2953 ιιοιι
567 2888 647 2954 dixit
633 2895 819 2972 texpresse,
831 2888 962 2972 cyclum
977 2888 1116 2971 primum
1135 2884 1194 2952 14
1190 2897 1348 2954 annorum

20 2980 133 3042 luisse
140 2999 206 3042 uuo
221 2978 273 3042 die
296 2979 470 3049 auctiorem
485 2980 517 3042 in
532 3000 591 3045 usu
607 2977 744 3073 politico,
763 2998 861 3059 quam
877 2977 1009 3059 cyclum
1015 2977 1201 3041 secundum.
1226 2977 1347 3042 Eodem

20 3067 128 3144 nodo,
154 3067 231 3148 quia
244 3065 364 3131 etiam
356 3089 390 3130 m
402 3071 444 3130 84
453 3067 552 3132 antus
562 3065 647 3131 fiun
633 3066 784 3130 turenses
799 3065 1004 3130 intercalares
1018 3086 1152 3130 numero
1166 3064 1283 3149 impari
1274 3067 1346 3150 31,
1433 3092 1438 3107 ·
1523 3122 1530 3139 .

20 3175 155 3220 necesse
169 3154 228 3219 'est
249 3156 354 3238 igitur,
377 3156 410 3220 in
433 3156 524 3221 aunis
547 3155 617 3221 aliis
633 3158 675 3219 84
698 3154 842 3238 proxime
865 3151 1073 3235 sequentibus
1096 3159 1229 3239 propter
1251 3160 1346 3219 natu·

20 3245 127 3309 ralem
160 3243 277 3308 seriem
307 3243 527 3327 plenorumet
549 3265 699 3310 carorum
723 3243 864 3308 alternis
893 3242 974 3307 alios
999 3248 1037 3305 31
1062 3264 1184 3308 menses
1211 3263 1276 3308 uno
1298 3243 1349 3308 die

20 3335 126 3398 ninus
158 3330 327 3421 habuisse,
355 3333 415 3397 etsi
440 3353 482 3397 ne
508 3333 571 3399 hoc
599 3312 731 3425 quidem
761 3351 911 3434 enprmse
940 3330 1017 3395 dicit
1043 3331 1258 3434 Epiphanius,
1290 3332 1348 3399 sed

20 3421 154 3487 autum
174 3415 233 3491 dat
253 3420 495 3520 intelligendum
517 3442 556 3486 ex
577 3439 631 3499 ·,eo
647 3421 749 3503 quod
768 3421 830 3500 ait,
854 3420 889 3484 ιιι
913 3424 952 3485 14
975 3419 1069 3485 annis
1091 3414 1203 3524 adimi
1212 3421 1348 3487 solidam

20 3531 121 3575 inam
150 3507 262 3573 horam
288 3512 328 3574 eii
353 3531 450 3574 cursu
471 3508 554 3575 Solis
581 3510 703 3574 dierum
727 3513 789 3574 365
809 3469 848 3573 h.
874 3514 904 3573 3.
948 3509 1080 3589 liam
1055 3530 1101 3574 sic
1126 3511 1160 3575 in
1186 3510 1291 3574 annis
1302 3514 1344 3573 84

20 3600 214 3664 inserentur
229 3602 249 3661 6
265 3598 372 3688 horae,
396 3597 458 3662 hoc
480 3604 529 3663 est
515 3597 618 3662 tdies
640 3597 783 3662 dimidia.
816 3596 931 3683 Ergo'
922 3618 956 3660 m
979 3596 1028 3661 bis
1045 3603 1086 3663 84
1109 3599 1200 3664 annis
1223 3599 1348 3681 integer

20 3689 88 3753 lies
109 3686 290 3764 adimitur,
326 3682 494 3751 nimirum
510 3708 568 3771 per
601 3684 722 3751 dictam
758 3685 874 3749 seriem
907 3685 1165 3757 mtercalarinm
1181 3687 1347 3765 mensium,

20 3775 158 3841 alternis
183 3775 350 3858 plenorum
376 3782 409 3840 e
437 3790 603 3895 cavqrum.
644 3776 757 3858 Atque
779 3773 860 3838 haec
886 3765 927 3838 de
948 3774 1108 3839 mensibus
1136 3774 1350 3889 Epiphaniam

20 3862 166 3930 :alculi

109 3953 161 4016 De
191 3952 278 4016 horis
307 3966 466 4018 annorum
495 3950 732 4035 appendicibus
762 3955 827 4016 est
841 3897 956 4033 aliqua
982 3950 1162 4016 difficrdtas.
1209 3947 1308 4015 Sane
1316 3957 1350 4016 et

20 4043 177 4108 erbaet
163 4040 343 4126 tcalculus
364 4041 426 4105 hoc
447 4042 569 4119 volunt,
593 4040 690 4106 horas
713 4040 817 4128 ιιιιι’
808 4042 879 4105 ιιιι
864 4039 969 4105 tribus
991 4039 1084 4104 annis
1107 4039 1263 4122 praecise
1269 4061 1347 4108 con·

20 4134 135 4197 iecisse
159 4120 257 4201 uuam
277 4130 373 4214 diem,
403 4131 502 4195 etsie
525 4150 646 4194 aunum
676 4114 835 4200 calculis
834 4129 919 4192 uisse
948 4127 979 4192 d
1004 4128 1123 4194 354h.
1146 4131 1343 4213 4praecise.

20 4223 103 4287 tam
127 4219 232 4283 sicin
256 4219 350 4282 annis
376 4224 425 4296 14,
449 4217 623 4301 inquibus
646 4225 722 4282 sunt
744 4238 868 4282 meuses
895 4222 956 4282 173
979 4216 1163 4319 (singulid
1189 4219 1283 4283 2911.
1305 4217 1348 4297 6),

20 4309 185 4374 secedunt
207 4307 307 4372 horae
330 4269 524 4391 appehdices
549 4311 605 4383 56,
628 4306 689 4371 hoc
716 4306 819 4371 estd.
843 4305 974 4369 4eth.
999 4310 1034 4384 33
1063 4307 1169 4371 omnia
1191 4307 1224 4370 iri
1248 4327 1350 4370 unam

20 4417 182 4463 summam
213 4399 359 4480 conjecta
387 4396 507 4460 facient
530 4395 580 4459 ιι.
598 4354 686 4461 'eloe
715 4394 747 4459 h.
772 4399 802 4461 2.
847 4394 961 4458 Hinc
949 4415 1018 4480 Jam
1040 4393 1238 4489 Epiphanius
1250 4394 1350 4480 jubet

20 4488 152 4551 auferre
182 4506 302 4553 anuum
329 4484 505 4549 Julianum
524 4485 555 4550 ιι.
585 4488 648 4549 365
680 4483 719 4547 ιι.Ι
743 4487 761 4546 3
795 4483 921 4566 quotics
948 4498 1138 4567 possumus.
1174 4468 1349 4549 Possumus

20 4583 132 4640 nutem
165 4572 387 4638 tredecissct
408 4573 537 4638 habent
566 4573 643 4637 anni
671 4571 792 4636 Juliani
828 4576 866 4636 13
897 4570 965 4636 dies
996 4576 1083 4636 4748
1114 4571 1158 4634 h.
1171 4576 1200 4650 3,
1221 4571 1350 4674 quibus

20 4664 141 4729 ablatis
169 4662 217 4727 ait
244 4663 382 4746 relinqui
418 4662 485 4726 dies
510 4665 574 4726 360
596 4661 701 4725 minus
731 4681 798 4724 una
819 4660 915 4737 hora,
937 4660 1029 4756 quod
1049 4660 1137 4725 vides
1159 4681 1228 4724 esse
1249 4660 1348 4725 veria·

20 4755 149 4833 imum,
182 4751 211 4815 si
239 4750 336 4816 horae
359 4750 550 4834 appendices
574 4751 638 4815 sint
660 4749 857 4835 praecise4.
903 4710 955 4812 ht
965 4749 1082 4819 contra
1103 4749 1188 4813 idem
1211 4729 1411 4834 Epipha-
