3142 5476
473 263 475 267 ’
497 250 530 302 00
540 249 615 303 rebus
627 249 813 317 chronologicis.
1282 231 1324 301 95

48 389 128 453 drarn
141 390 296 467 ultimam
321 392 426 474 quinto
442 401 475 455 et
490 399 579 457 sexto
596 387 744 475 (secunda
758 392 989 457 intercalatione
1003 388 1102 477 iacta)
1117 394 1325 475 plenilunium

48 479 113 542 timo
127 487 162 542 et
177 488 287 543 octavo
305 476 415 565 (tertia
430 483 662 548 intercalatione
674 478 771 565 facta)
789 484 933 566 quadram
948 484 1089 565 primam;
1106 484 1233 566 denique
1247 503 1327 548 nova

49 569 123 632 odus
155 569 301 635 Calendis
337 566 462 653 (quarta
492 573 729 637 intercalatione
758 567 856 654 facta)
888 573 1024 637 restituit
1062 573 1252 637 novilunium.
1282 607 1327 619 -

48 656 253 749 Jonjecturam
261 661 390 742 praebet
400 661 468 733 huic
479 664 593 725 formae
602 661 743 726 facilitas.
769 663 849 726 Nam
858 662 897 724 ad
911 662 1084 726 memoriam
1094 662 1262 744 expeditior
1277 672 1327 725 est

48 767 68 823 0,
82 756 119 810 ut
134 749 262 813 alternis
278 749 485 828 intercaletur,
500 772 589 834 qnam
604 760 639 814 ut
653 758 702 814 ter
716 752 914 815 intercaletur
924 752 1011 816 annis
1022 760 1107 827 ooto;
1123 753 1233 833 vulgus
1247 752 1327 814 eninr

48 839 179 919 longas
199 839 352 919 periodos.
395 840 481 903 Idem
501 851 609 905 eontra
631 850 715 904 tuam
738 842 864 905 formam
880 841 938 904 dici
961 848 1073 921 potest
1117 843 1327 921 Praeooeupat

48 928 216 1008 rperiodns
231 928 350 992 Lunam
368 923 426 1014 li,
452 931 558 993 diebus
578 937 610 993 et
630 923 662 1014 Ἰ,
683 931 779 1008 horis,
802 949 879 1013 quae
895 931 1104 994 novemdecies
1124 930 1327 1010 multiplicata

48 1025 165 1080 recount
179 1018 210 1079 in
225 1018 339 1081 mensis
354 1019 442 1082 unius
457 1020 702 1100 magnitudinem.
746 1019 846 1084 Annis
860 1020 908 1083 bis
926 1019 998 1095 162,
1012 1021 1070 1083 hoo
1086 1028 1135 1084 est
1151 1019 1238 1083 annis
1253 1020 1327 1094 304,

48 1107 150 1170 murrit
165 1108 320 1171 mensibus
337 1109 460 1185 dnobus,
476 1110 573 1172 minus
590 1109 638 1172 die
653 1109 848 1173 0001000-
862 1109 891 1173 3.
907 1104 1207 1190 mutuaenutuae
1219 1127 1328 1171 annum

48 1197 120 1258 icum
133 1197 186 1260 vel
201 1197 269 1277 ipso
284 1206 316 1260 te
333 1206 429 1274 teste,
451 1199 543 1262 testis
559 1208 609 1261 est
622 1200 795 1264 Macrobius
816 1207 848 1261 et
863 1197 1000 1263 Solinus:
1023 1198 1156 1264 Lunaris.
1176 1198 1255 1261 enim
1270 1205 1329 1273 est,

49 1305 228 1369 quocunque
244 1295 387 1369 respectu
403 1289 442 1350 ad
457 1288 574 1351 Lunam
590 1308 658 1351 sese
674 1289 897 1355 accommodat:
914 1289 1015 1351 sinon
1031 1288 1070 1351 ad
1086 1287 1327 1363 0001100100οΙ-

58 1376 98 1438 ad
114 1376 259 1458 quadras.
288 1378 355 1439 Hos
371 1377 473 1459 itaque
490 1384 637 1440 tutestes
657 1397 717 1440 uua
737 1396 804 1440 cum
825 1377 1049 1457 succenturiato
1065 1376 1224 1440 Theodoro
1241 1375 1329 1440 Gaza

48 1464 96 1540 is;
120 1465 196 1528 mihi
211 1485 272 1528 000
288 1476 492 1542 estueoesse,
514 1467 573 1549 quo
595 1487 661 1530 sum
681 1474 713 1528 te
732 1487 805 1530 vero
824 1468 955 1549 propior.
989 1468 1069 1530 Nam
1085 1475 1329 1540 cousentaneum,

48 1554 213 1636 quissimus
234 1575 367 1638 quosque
388 1556 425 1618 de
445 1556 504 1619 hoc
525 1556 648 1637 negotio
670 1556 781 1619 testari
801 1557 937 1638 potuisse
953 1557 1130 1620 rectissime.
1145 1589 1191 1623 -,-
1211 1550 1248 1636 6)
1266 1554 1327 1618 So-

48 1643 79 1705 ris
103 1644 206 1706 oratio
229 1645 309 1725 apud
323 1645 513 1708 Herodotum
534 1664 649 1708 mecum
670 1645 784 1708 itidem.
828 1645 998 1708 Durissima
1020 1653 1069 1708 est
1089 1653 1142 1708 tua
1165 1643 1326 1719 sententia

48 1732 186 1808 odotum,
201 1752 260 1815 quo
275 1734 397 1796 vivente
412 1735 495 1797 nulla
510 1735 571 1798 alia
586 1735 683 1799 forma
698 1734 768 1797 anni
779 1735 843 1811 fuit,
858 1754 919 1798 nou
935 1736 1030 1798 solum
1044 1734 1232 1799 mendacium
1246 1733 1329 1816 loqui

55 1823 198 1885 consulto
214 1823 335 1886 mentiri
350 1824 428 1886 velle
443 1824 548 1888 vlderi
579 1822 669 1896 Quod
682 1843 755 1887 vero
771 1822 867 1887 Solon
881 1823 988 1887 tribuit
1003 1843 1082 1887 anno
1099 1823 1247 1887 communi
1262 1821 1328 1897 dies

48 1958 55 1985 ,
70 1912 251 1975 intercalari
266 1913 341 1987 390,
355 1932 416 1975 000
432 1914 544 1978 evertit
557 1931 642 1976 meas
658 1931 802 1976 summas:
820 1921 959 1976 numerat
974 1914 1052 1976 enim
1068 1932 1106 1976 ex
1121 1914 1217 1976 forma
1232 1912 1327 1994 ephe-

48 2001 120 2076 idis,
149 2021 228 2083 quae
252 2002 413 2065 duodecies
438 2012 471 2065 et
495 2003 644 2066 tredecies
669 2003 796 2065 alternis
826 2002 1007 2083 pronunciat
1030 2003 1108 2066 diem
1136 2002 1328 2066 tricesimam

62 2090 114 2152 hic
129 2091 226 2153 initur
241 2092 374 2154 calculus
389 2092 498 2174 aliquis
522 2093 636 2155 dierum
651 2092 804 2167 subtilior,
826 2093 882 2155 sed
904 2092 1065 2158 summaria
1086 2092 1205 2155 ratione
1221 2092 1327 2154 rheto-

48 2187 95 2242 tur
111 2199 217 2243 coram
227 2178 343 2244 (100000
353 2179 457 2258 Solon,
473 2201 562 2264 quam
577 2183 664 2245 facile
680 2182 744 2246 fieri
765 2182 872 2263 possit,
887 2190 922 2244 ut
936 2183 966 2244 in
977 2189 1064 2244 tauto
1082 2181 1196 2245 dierum
1206 2198 1327 2244 numero

48 2289 56 2330 s
82 2269 195 2351 aliquis
218 2277 287 2333 ater
309 2271 376 2333 sit.
403 2271 464 2334 Ubi
487 2271 583 2334 servit
604 2271 647 2348 illi
668 2271 745 2334 haec
767 2271 980 2353 qualiscunque
1002 2271 1170 2352 hyperbola
1191 2269 1257 2334 360
1272 2287 1327 2351 pro
1353 2274 1356 2279 '

48 2367 98 2419 2et
113 2358 182 2421 390
196 2377 252 2440 pro
268 2354 349 2435 376,
371 2379 438 2423 cum
459 2361 490 2423 iu
512 2380 548 2423 eo
565 2359 621 2436 sit,
642 2368 678 2423 ut
698 2361 812 2423 dierum
836 2360 1083 2423 vitaehumanae
1108 2360 1330 2424 multitudinem

48 2454 160 2528 ggeret
197 2448 324 2511 Interim
343 2451 455 2529 probat
471 2449 581 2525 Solon,
603 2450 650 2513 bis
664 2450 838 2513 intercalari
863 2450 985 2513 solitum
1000 2450 1087 2512 00010
1103 2457 1246 2532 quatuor,
1270 2450 1329 2512 hoo

48 2537 170 2599 biennio
188 2545 314 2613 exacto,
338 2547 370 2601 et
385 2540 483 2621 ipsum
499 2559 615 2621 quoque
630 2539 844 2602 intercalarem
862 2561 913 2618 erp
927 2543 1071 2620 τριακαδα
1085 2538 1238 2602 habuisse.
1283 2539 1328 2600 Tu

48 2645 56 2685 >
72 2627 99 2688 si
117 2626 285 2689 etiamnum
300 2627 397 2708 rigide
412 2647 522 2710 perges
536 2648 645 2709 urgere
667 2648 822 2692 numerum
836 2629 1042 2703 tricenarium,
1065 2630 1202 2709 profecto
1219 2627 1328 2690 diceris

48 2715 75 2777 q.
90 2716 280 2778 auctoritate
301 2716 460 2780 Herodoti.
506 2716 605 2790 Quam
627 2719 706 2780 enim
725 2718 900 2798 ineptiisset
915 2716 1010 2780 Solon
1025 2735 1127 2779 coram
1143 2715 1271 2789 Croeso,
1293 2715 1329 2788 si,
1391 2797 1395 2806 .

48 2810 153 2866 ‚essct
173 2805 312 2869 intentus
333 2806 364 2868 iu
380 2807 512 2869 ethicam
525 2809 674 2870 humanae
696 2807 779 2870 vitae
801 2807 1087 2890 considerationem,
1108 2805 1257 2870 rationem
1271 2826 1329 2867 000

48 2916 178 2974 pampo»
196 2895 500 2975 particulatim'inire
523 2898 683 2977 coepisset.
729 2896 808 2959 Vide
824 2915 967 2979 namque,
996 2916 1033 2958 ne
1056 2902 1089 2958 et
1112 2895 1247 2969 tibi,‘ex
1270 2893 1329 2956 lide

48 2983 214 3059 ‚rammatis
239 2982 368 3060 Graeci,
390 2985 437 3048 bis
460 2985 653 3048 duodeni.illi
675 3003 774 3048 mures
802 2986 938 3048 ultimum
960 2985 1031 3048 anni
1053 2985 1098 3047 tui
1119 2984 1242 3048 biduum
1258 3000 1328 3046 ero-

48 3079 93 3133 ut:
117 3091 192 3135 nam
212 3092 309 3156 neque
332 3074 518 3156 epigramma
539 3074 643 3155 plures
663 3075 728 3138 360
751 3074 855 3137 diebus
870 3081 1024 3149 numerat,
1044 3080 1165 3137 tu'vero
1181 3072 1245 3137 362
1261 3079 1329 3136 sta-

48 3194 115 3222 .-
131 3160 160 3224 6.
177 3156 214 3242 7)
231 3161 329 3225 Sexto
345 3164 384 3225 ad
397 3164 587 3238 Aristotelis,
602 3171 635 3226 et
650 3162 779 3245 septimo
795 3164 835 3226 ad
849 3165 907 3226 hoc
921 3163 1020 3244 ipsum
1036 3162 1173 3227 Cleobuli
1190 3162 1330 3244 aenigma

48 3251 164 3325 ondeo,
180 3251 253 3313 nihil
270 3252 340 3314 11100
353 3253 483 3334 probare
500 3252 581 3315 aliud
602 3246 687 3333 (dum
702 3253 810 3315 literae
825 3253 872 3315 vis
887 3253 919 3316 in
940 3272 1018 3315 auno
1034 3251 1099 3316 360
1121 3253 1186 3317 dies
1202 3245 1328 3331 statuit)

48 3359 73 3401 m
87 3341 167 3414 hoc,
191 3340 327 3403 omuibus
342 3342 496 3404 mensibus
519 3341 611 3404 fuisse
632 3364 682 3419 eqo
697 3346 850 3423 00000000.
879 3341 1028 3423 Loquitur
1045 3342 1128 3405 enim
1142 3342 1329 3405 Aristoteles

48 3429 214 3491 rnimalium
228 3430 326 3491 uteris
343 3439 375 3492 et
391 3432 524 3506 foetura,
546 3450 606 3494 uon
629 3432 666 3493 de
688 3431 807 3493 ratione
830 3431 908 3503 anni.
952 3431 996 3494 Et
1017 3431 1088 3513 qnid
1109 3431 1228 3507 mirum,
1251 3429 1350 3513 quod

48 3519 154 3580 lictum
178 3518 349 3601 pictumqne
371 3520 403 3583 in
424 3520 616 3600 ephemeride
630 3520 755 3595 Attica,
776 3540 897 3583 menses
919 3521 1037 3586 scilicet
1058 3539 1161 3583 omnes
1184 3539 1250 3584 cum
1273 3539 1329 3583 sua
1444 3534 1446 3539 ’

48 3607 154 3680 mima,
176 3607 256 3669 idem
271 3609 408 3688 quamvis
427 3608 637 3689 pertentatis
658 3608 927 3672 dissimulationem
946 3609 1061 3690 pictum
1082 3629 1149 3672 esse
1169 3610 1200 3673 in
1221 3610 1328 3688 aenig-

48 3715 75 3758 0
90 3729 139 3742 -
154 3695 191 3769 8)
209 3695 338 3772 Octavo,
355 3698 422 3761 dico
438 3698 544 3760 eadem
554 3697 891 3762 adDemetriiPhalerii
907 3706 1028 3762 statuas
1038 3698 1117 3763 360:
1133 3699 1234 3781 quidni
1250 3697 1329 3760 enim

48 3805 92 3848 roc
115 3804 240 3849 numero
264 3786 460 3850 simulassent
473 3787 696 3861 Athenienses,
719 3805 829 3849 annum
851 3807 919 3850 esse
941 3795 990 3850 tot
1015 3787 1146 3863 dierum,
1168 3788 1247 3871 quod
1268 3805 1328 3849 000

48 3883 163 3937 terunt
179 3875 321 3939 simulare
334 3876 373 3964 ,5¹¹
397 3876 586 3951 ordinatione
603 3877 688 3952 0001,
709 3877 860 3956 lingentes
885 3896 1123 3940 omnesmenses
1147 3878 1329 3940 tricenorum

48 3984 113 4038 um,
137 3964 232 4027 etiam
253 3965 284 4027 10
301 3965 533 4046 posterioribus
557 3967 627 4029 anui
650 3965 753 4028 formis
774 3964 935 4029 manifeste
959 3966 1121 4030 lunaribus.
1143 4000 1188 4012 -
1206 3961 1243 4048 9)
1264 3962 1328 4028 Sed
1425 3994 1427 3998 ⁴

48 4055 102 4116 cis:
127 4052 230 4116 ¹Solon
252 4054 403 4118 referente
425 4055 551 4117 Laertio
579 4056 770 4136 rogationem
791 4055 877 4131 tulit,
901 4079 957 4127 τας
976 4050 1088 4136 ἡμερας
1111 4079 1186 4119 κατα
1211 4058 1329 4133 aalma
1374 4102 1378 4111 .

48 4162 71 4219 ι;
97 4161 172 4223 ergo
189 4150 283 4205 antea
296 4163 358 4206 uon
373 4143 538 4207 utebantur
554 4164 632 4207 anno
648 4143 770 4207 Lunari.
797 4146 867 4208 Non
884 4145 1019 4226 sequitur
1033 4146 1105 4209 hoo:
1121 4145 1194 4209 illud
1210 4143 1328 4226 quidem
1397 4146 1400 4161 ⁴

48 4234 133 4308 ritur,
155 4232 331 4295 neomenias
353 4233 496 4314 politicas
519 4252 587 4297 cum
609 4233 792 4297 coelestibus
813 4254 873 4297 000
897 4235 1086 4316 congruisse,
1108 4241 1145 4297 ut
1164 4233 1283 4316 quidem
1296 4233 1328 4295 10

48 4343 76 4385 ra
91 4344 112 4384 a
128 4340 176 4383 me
193 4322 278 4383 dieta
293 4323 485 4385 manifestum
501 4330 557 4385 est.
586 4324 633 4386 At
647 4323 838 4386 nihilomiuus
854 4324 925 4387 0001
941 4326 1037 4387 forma
1052 4345 1071 4386 a
1084 4324 1173 4387 Luna
1187 4322 1255 4385 0001
1270 4342 1327 4404 po-

62 4411 148 4473 etad
158 4410 225 4490 ejus
236 4418 350 4473 motum
360 4413 582 4493 quadamtenus
597 4412 825 4475 accommodari.
850 4413 917 4476 Hoc
931 4414 1025 4493 igitur
1039 4413 1114 4475 dicit
1129 4411 1233 4486 Solon,
1248 4412 1329 4494 quod

48 4501 206 4583 tophanes
230 4521 282 4579 asp
303 4503 422 4581 oslqrqr
444 4499 574 4566 0100000
596 4524 674 4565 naso
700 4505 893 4577 attestemur,
934 4496 989 4581 10)
1012 4501 1092 4583 quod
1118 4501 1234 4563 demmo
1262 4502 1329 4564 1000

48 4589 286 4654 confirmatione
300 4590 372 4653 laxa
386 4609 472 4656 meae
488 4593 602 4654 formae
618 4609 764 4672 usurpare
779 4590 966 4672 possum,iu
982 4609 1041 4672 qna
1054 4591 1160 4653 itidem
1175 4590 1330 4654 novilunia

48 4699 94 4744 nm
111 4682 260 4743 deorsum
275 4686 524 4761 transponuntur.
538 4712 584 4724 -
607 4675 663 4760 11)
679 4680 786 4767 Eidem
806 4681 873 4744 ueni
887 4681 1071 4743 Plutarchus
1091 4679 1178 4743 uobis
1195 4698 1327 4744 commo-

49 4778 63 4832 t
77 4769 214 4852 eclipsin
230 4765 336 4832 Lunae
352 4770 392 4833 ad
408 4769 599 4851 Gaugamela
604 4787 614 4847 ;
638 4768 757 4834 scilicet
770 4778 805 4833 ut
819 4771 942 4852 prebet,
964 4769 1044 4852 quod
1057 4770 1177 4852 utrique
1192 4777 1329 4834 nostrum
