3112 5474
475 291 744 373 capemenas.
756 293 975 359 mosacensis
1328 276 1392 345 323

1 499 3 512 ,
40 435 213 500 inde
227 433 257 496 iu
272 433 408 496 thermas
423 435 685 498 transdordanem
698 435 900 513 iritscilicet
911 443 946 498 ut
959 435 1078 517 longius
1091 437 1152 500 iter
1166 438 1215 512 sit,
1229 438 1296 518 plus
1311 445 1391 501 tenr-

46 522 350 604 impendatur.
389 519 478 592 Quod
494 524 521 586 si
535 543 726 600 concessero,
741 533 884 606 qnantum
900 525 959 587 erit
972 526 1087 589 lucrum
1102 528 1203 589 tuum?
1232 528 1393 591 Hierichus

35 612 215 674 diei
230 611 338 674 itinere
355 611 445 672 abest
458 612 657 696 Jerosolymis
673 621 728 678 ant
741 614 847 676 miuus.
880 613 929 678 Ex
944 615 1095 676 montanis
1110 615 1190 678 circa
1203 616 1393 698 Jerosolyma
1473 640 1476 643 ¹

27 699 312 782 asphaltis,
329 700 360 761 in
377 719 464 780 quem
475 700 744 777 Callirhoeinfluit,
760 702 891 783 conspici
906 706 1018 783 potest.
1047 702 1110 765 Sed
1125 710 1158 765 tu
1173 705 1275 784 proba,
1290 724 1391 786 regem

12 789 228 851 uisse
243 786 459 870 ierosolymis,
475 790 625 853 diversum
641 790 719 854 eninr
735 791 991 871 supracoutendi.
1036 789 1129 866 Quia,
1150 792 1261 876 inquis,
1277 811 1389 856 convo-

4 879 348 958 magistratus
362 878 646 960 ierosolymitanus.
682 881 753 944 Non
768 880 824 942 hos
839 888 966 964 tautum,
982 880 1036 942 sed
1052 881 1147 943 totius
1162 882 1262 961 gentis
1277 882 1389 962 primo-
1433 904 1437 911 ·

68 967 248 1028 omni
271 966 436 1047 provincio.
482 965 658 1039 Quodvero
674 969 731 1031 hoc
746 970 976 1050 argumentum?
1002 969 1197 1045 Convocavit,
1218 971 1272 1032 sed
1287 972 1389 1034 Hieri-

98 1082 115 1109 ·
143 1101 174 1116 -
242 1056 288 1117 lh
304 1063 407 1118 tamen
421 1056 501 1118 unde
517 1057 612 1120 babes
627 1059 826 1138 magistratus
841 1058 1111 1140 Jerosolymitenos
1126 1060 1273 1136 vocatos?
1304 1057 1391 1136 Quia,

10 1184 36 1211 ,
113 1144 345 1225 exquisivit
361 1143 399 1206 ab
415 1145 469 1220 iis,
491 1164 615 1227 quorum
631 1145 756 1209 oonsilio
773 1147 873 1229 aquila
888 1147 1022 1227 dejecta3
1045 1147 1089 1209 illi
1102 1166 1174 1214 veto
1191 1148 1308 1228 culpem
1324 1170 1342 1210 a
1358 1168 1390 1211 se

20 1242 249 1295 eruut
294 1233 442 1296 Nimirum
459 1242 491 1296 et
506 1235 649 1298 somniari
670 1236 728 1298 tibi
748 1236 841 1312 lubet
885 1236 1001 1316 Relege
1024 1236 1190 1299 orationem
1204 1237 1390 1300 Herodisad
1507 1263 1510 1267 ¹

3 1327 232 1383 catos
247 1329 374 1402 utroque
385 1322 414 1384 in
425 1342 516 1403 opere
522 1343 531 1399 ;
549 1324 694 1387 somnium
706 1325 860 1388 fateberis.
883 1324 990 1400 Erant,
1006 1325 1078 1397 scio,
1094 1325 1174 1387 inter
1189 1334 1390 1406 congregatos

22 1410 352 1492 osolymitani‚
368 1412 423 1474 sed
438 1431 498 1475 nou
512 1413 571 1476 hoc
587 1414 773 1495 argumento.
803 1415 868 1475 Nec
884 1414 1018 1494 sequitur
1032 1423 1070 1492 ¹et
1084 1414 1281 1495 Jerosolymis
1297 1416 1389 1478 titisse

0 1501 239 1561 catos.
285 1498 366 1570 Quid
387 1519 461 1563 vero
483 1502 533 1565 iol.
551 1504 602 1565 20.
623 1502 695 1580 mihi
717 1502 864 1583 imputas,
885 1521 932 1565 me
955 1503 1136 1565 confundere
1160 1503 1281 1565 comitia
1296 1504 1389 1566 bina?

8 1595 166 1645 nem
205 1595 272 1650 tam
294 1607 398 1651 verum
414 1597 478 1665 est,
499 1596 571 1672 post
592 1592 722 1657 reditum
737 1590 867 1654 Herodis
890 1613 910 1654 a
924 1591 1049 1654 thermis
1071 1591 1188 1653 demum
1204 1600 1388 1655 convocatos

2 1681 16 1697 '
50 1682 193 1743 Per
217 1678 313 1740 otium
328 1679 423 1741 totius
439 1681 539 1759 gentis
555 1680 710 1762 primores,
726 1699 812 1761 quam
829 1697 931 1742 verum
947 1688 1039 1742 antea
1054 1680 1184 1754 dixeras,
1205 1690 1389 1743 convocatos

0 1778 50 1832 ‚e
82 1753 366 1848 Jerosolymae
381 1769 591 1848 magistratus.
635 1769 766 1832 Rursum
789 1776 822 1830 tu
838 1769 998 1832 fabularis:
1022 1788 1077 1831 nec
1093 1788 1149 1850 ego
1165 1769 1313 1831 confundo
1330 1771 1387 1832 duo

10 1857 158 1923 „um
173 1898 189 1926 ,
222 1855 276 1918 sed
291 1864 325 1916 tu
342 1856 490 1937 discerpis
510 1877 602 1920 unum
617 1858 768 1921 comitium
783 1857 815 1921 in
831 1857 897 1920 dno.
943 1856 1095 1933 Quaeras,
1118 1876 1171 1919 our
1184 1858 1277 1938 igitur
1290 1859 1387 1920 denuo

16 1926 188 2019 phun
213 1943 409 2007 indictionem
426 1943 614 2009 comitiorum
629 1947 792 2021 describat,
808 1952 860 2009 cui
874 1954 938 2010 tam
954 1947 1119 2027 signanter,
1135 1948 1160 2009 si
1176 1966 1235 2009 non
1251 1948 1387 2010 diversus

18 2035 269 2097 conventus
292 2055 312 2096 a
332 2034 446 2114 priori?
475 2036 511 2099 In
532 2043 652 2116 promtu
668 2043 839 2110 causaest,
860 2035 1036 2116 magnitudo
1052 2036 1241 2098 crudelitatis
1256 2035 1386 2102 Herodis
1423 2063 1429 2077 ·

5 2143 32 2194 q,
55 2105 361 2185 demonstranda
371 2143 426 2204 per
434 2123 656 2187 multitudinem
671 2144 731 2186 una
740 2124 984 2205 periclitantium,
999 2125 1157 2187 multitudo
1174 2143 1229 2205 per
1242 2142 1387 2187 summam

5 2198 231 2278 „cationis
247 2212 452 2297 severitatem.
491 2211 607 2284 Quodsi
623 2215 792 2277 attenderis
808 2214 979 2276 adtentum
996 2213 1154 2289 Graecum,
1169 2214 1303 2276 invenies
1319 2208 1403 2276 om-‘

23 2301 313 2362 memorantem
327 2311 400 2363 aute
416 2302 554 2364 reditum.
585 2302 638 2366 Sic
654 2303 731 2366 enim
745 2303 861 2382 incipit,
877 2299 1068 2380 dqraopavov,
1084 2322 1149 2365 cum
1165 2303 1384 2366 convenissent.

0 2396 60 2453 “ae
77 2382 199 2449 ¹1¹Odi
210 2389 287 2452 haec
303 2399 365 2465 est,
387 2391 440 2454 illo
450 2417 452 2425 ι
462 2399 598 2472 tempore
616 2391 682 2471 jam
704 2399 906 2472 congregatos
922 2392 1029 2465 lirisse,
1053 2392 1102 2473 qui
1117 2392 1199 2471 prius
1215 2393 1384 2467 coiverant3

5 2483 24 2540 ἰ
40 2475 170 2532 0ωο
186 2476 299 2540 demum
313 2479 490 2556 indixisset,
513 2502 552 2543 an
567 2500 627 2548 non
641 2488 748 2563 putas,
769 2481 852 2560 prius
866 2480 1032 2561 Josepbum
1054 2481 1092 2542 ab
1114 2481 1277 2543 indictione
1292 2482 1384 2544 luisse

1 2554 252 2631 aemorum?
275 2568 325 2631 Ao
341 2587 408 2631 cum
422 2577 588 2651 praerupta
597 2569 765 2650 hujusmodi
781 2576 813 2631 et
822 2569 955 2631 crudelia
971 2568 1096 2631 consilia
1105 2570 1187 2630 furor
1202 2571 1384 2650 suppeditet,

5 2657 73 2702 011
103 2649 183 2714 egq
201 2675 236 2717 ne
250 2657 414 2720 verisimile
430 2659 565 2740 quidem,
586 2659 739 2721 Herodem
761 2658 830 2720 illos
844 2658 923 2720 hunc
937 2658 968 2719 in
983 2659 1088 2732 flne'ur,
1110 2659 1188 2739 quod
1204 2656 1320 2721 consilii
1335 2668 1385 2721 est

7 2745 72 2787 ⁰¹¹¹
93 2718 242 2820 ffiroria,
264 2763 465 2823 convocasse,
486 2754 523 2809 ut
538 2747 705 2822 occideret;
730 2747 784 2810 sed
799 2766 866 2809 cum
881 2755 1083 2828 congregatos
1099 2738 1199 2821 sciret,
1220 2747 1251 2809 in
1266 2748 1382 2810 illorum
1448 2763 1452 2782 '

7 2814 170 2889 0⁰²³}
183 2833 221 2896 sic
236 2834 370 2911 exarsit,
392 2836 494 2899 subito
510 2836 736 2899 stimulantibus
751 2836 912 2899 doloribus.
956 2836 1034 2919 Huic
1056 2842 1089 2897 tu
1105 2836 1196 2902 furori
1216 2836 1382 2917 quindecim
1451 2881 1470 2889 ‚,

8 2917 77 2958 ’θ’
94 2913 270 2998 pustulas,
286 2913 405 2987 scilicet
419 2933 454 2988 ut
467 2926 545 2987 bene
562 2925 746 2988 deliberatus
762 2926 844 2986 furor
859 2924 907 2986 sit
946 2924 1050 2988 Tertio
1066 2925 1132 2987 looo
1147 2925 1179 2986 in
1194 2943 1240 2987 me
1256 2925 1381 2988 incurris
1478 2949 1480 2960 ι

12 2985 57 3045 ⁰¹·
68 2985 152 3086 2)»
176 3013 249 3093 qood
264 3018 415 3076 mortuum
429 3015 580 3077 Herodem
602 3032 679 3094 pene
695 3013 800 3075 eodem
815 3013 863 3075 die
879 3012 1051 3094 sepulturae
1071 3013 1198 3075 tradam.
1228 3011 1381 3089 Omnino,

26 3071 171 3175 ’,Ἡδὲ
185 3108 252 3163 aute
268 3103 371 3165 finitos
388 3102 453 3165 dies
467 3100 577 3178 luctus,
592 3101 777 3182 properabat
791 3102 870 3164 enim
883 3102 1054 3167 Archelaus
1069 3101 1205 3177 Romam,
1225 3110 1260 3164 ut
1275 3122 1379 3164 aemu-

7 3178 113 3263 οἵω
142 3198 279 3253 cerame
297 3195 516 3271 praeverteret
561 3193 718 3272 Tanquam
737 3190 902 3266 hominem,
923 3190 1036 3272 inquis,
1057 3191 1094 3252 de
1116 3190 1225 3272 plebe?
1255 3189 1393 3262 Scilicet¹

0 3275 6 3321 ³
22 3269 71 3312 '¹²
88 3272 248 3357 ¹‘egnum
261 3286 381 3343 mortuo
396 3289 561 3361 properata
576 3280 731 3360 sepultura
745 3298 805 3342 non
814 3278 970 3360 eripiebat,
985 3278 1133 3359 eripiebat
1147 3280 1389 3343 veroArcbelao.

0 3357 208 3466 ’mpori
237 3377 269 3431 et
298 3369 448 3449 plebeium
476 3369 574 3450 ipsum
605 3370 705 3432 facere
729 3369 901 3431 minabatur
930 3387 1015 3431 mora
1043 3368 1160 3448 longior
1190 3368 1379 3449 interposita.

16 3450 34 3479 '¹
44 3449 187 3529 ΜΠ,
206 3458 339 3538 uunquid
354 3458 447 3520 dandi
469 3458 534 3521 dies
549 3458 685 3520 curando
697 3457 837 3520 cadaveri
853 3465 885 3519 et
900 3457 1055 3520 condendo
1071 3458 1281 3521 aromatibus?
1312 3459 1378 3520 Ac·

17 3531 61 3595 ΡΘ
86 3541 249 3608 Praeter
272 3545 458 3626 septiduum,
481 3547 507 3609 si
523 3544 578 3609 tibi
594 3564 653 3608 non
670 3546 795 3620 sufficit,
816 3545 892 3609 alios
907 3545 999 3609 etiam
1014 3545 1063 3607 vel
1078 3547 1121 3609 30
1137 3546 1217 3621 dies,
1240 3547 1294 3609 sed
1309 3553 1380 3627 post

8 3608 195 3711 ¹¹⁰,me
214 3653 370 3715 pompam,
396 3635 449 3697 sed
470 3636 501 3698 in
524 3635 691 3698 conditorio
712 3635 854 3698 Herodio.
875 3668 879 3676 ·
899 3633 967 3698 Scis
990 3634 1083 3709 eninr,
1107 3636 1243 3716 quamvis
1259 3636 1377 3717 sepulto

25 3725 29 3745 '
54 3712 168 3800 ,to
182 3723 311 3785 nondum
331 3731 434 3787 tamen
454 3724 649 3805 praeteriisse
671 3724 821 3787 unctionis
844 3731 877 3786 et
891 3722 1049 3786 condiendi
1070 3731 1204 3804 tempus:
1231 3731 1379 3788 venerunt

0 3810 12 3828 ³
46 3809 56 3833 ⁶
143 3810 202 3873 die
215 3812 335 3876 Mariae
349 3831 416 3875 cum
439 3812 632 3891 aromatibus.
667 3813 779 3888 Liberi,
799 3812 907 3894 inquis,
923 3811 1107 3875 convocandi
1123 3822 1219 3887 erant,
1238 3813 1377 3876 morienti

15 3892 131 3975 '5⁸⁸0
164 3918 222 3962 non
237 3902 421 3982 potuerunt?
451 3902 499 3964 De
514 3901 639 3964 incertis
662 3902 776 3968 scribis.
810 3899 893 3972 Quid
908 3900 987 3963 enim
1001 3900 1140 3982 impedit,
1163 3901 1300 3976 affuisse3
1324 3910 1378 3965 aut

16 3963 64 4025 “d
82 3984 277 4052 prohibuit
293 4008 434 4072 pompam
448 3990 603 4052 funebrem
617 3990 719 4053 veliis
735 3990 912 4053 absentibus
921 3991 1042 4065 deduci;
1059 3998 1114 4053 aut
1128 4010 1166 4053 an
1176 4009 1235 4052 non
1251 3991 1375 4071 quibus-

37 4080 54 4107 “
88 4065 307 4141 abeientibus
328 4080 426 4160 magis
448 4078 671 4160 properandum
686 4080 744 4141 huit
757 4076 926 4153 Archelao,
948 4098 1037 4161 quam
1051 4079 1281 4159 praesentibus?
1312 4079 1375 4142 Sed

0 4235 4 4244 p
19 4159 187 4227 mutii
200 4175 288 4229 erant
300 4167 391 4230 vicini
406 4168 515 4249 reges?
544 4169 623 4238 Puto
638 4168 773 4253 Arabem
788 4168 864 4231 diois
879 4168 999 4231 hostem
1015 4176 1047 4230 et
1055 4166 1240 4230 Archelaum
1250 4166 1374 4249 Cappa·
1489 4164 1493 4179 '

4 4256 27 4344 ζ*
40 4260 62 4281 *'
77 4259 96 4285 ‘¹
162 4273 298 4319 socerum
318 4257 467 4321 infensum
489 4256 588 4319 occiso
612 4276 665 4319 suo
688 4275 798 4338 genero
821 4256 902 4338 regie
925 4256 1000 4331 filio,
1023 4266 1056 4319 et
1077 4278 1111 4335 eq
1130 4279 1184 4319 aaa
1199 4258 1257 4318 Δια
1281 4257 1374 4319 etiam
1417 4320 1420 4326 ,

0 4343 3 4373 ¹
24 4320 216 4406 utho1·o1n
229 4363 349 4426 regem.
370 4346 450 4409 Nam
468 4344 719 4408 vicina-Romani
740 4345 902 4415 habebaut
933 4346 1103 4425 Principes,
1119 4346 1240 4421 affines,
1262 4346 1373 4426 generi,

8 4405 189 4512 stillat-aa
207 4435 365 4497 convocati
388 4441 477 4497 erant
498 4441 531 4496 et
553 4434 690 4496 *conclusi
716 4434 756 4496 in
769 4434 975 4515 Hippodromo
993 4433 1117 4515 jamque
1139 4434 1227 4496 modo
1250 4434 1373 4496 dimissi.

13 4491 88 4566 (Μ
97 4519 253 4585 1uultis?
282 4523 489 4586 funerationes
508 4531 631 4586 nostras
647 4520 761 4586 (lalvisi
783 4523 879 4591 babes
898 4523 1058 4596 inanimo,
1080 4542 1187 4585 vereor
1201 4519 1373 4585 ne·Jndaici

24 4586 96 4648 Μ
114 4599 309 4674 diuinitas
338 4613 384 4675 At
399 4611 483 4693 quid,
499 4624 605 4691 rogas,
627 4619 809 4693 apparatus,
829 4613 855 4675 si
868 4613 976 4693 vulgos
992 4619 1109 4673 tantum
1125 4612 1281 4691 spectator
1295 4611 1373 4673 fuit?

31 4671 200 4786 &qlpta
212 4718 271 4762 uon
281 4708 452 4781 spectatum
466 4701 623 4763 venissent
635 4701 658 4763 ii
667 4719 744 4781 quos
755 4700 919 4776 desideras,
934 4700 1004 4783 quin
1016 4702 1180 4776 venissent,
1192 4707 1372 4781 spectentur

40 4767 154 4850 uqug
185 4789 333 4870 atquibus
353 4790 412 4853 nisi
426 4789 511 4869 vulgi
524 4789 638 4853 oeulis?
668 4790 840 4871 Apparatui
861 4790 953 4853 etiam
978 4798 1096 4871 tempus
1117 4785 1274 4871 postulas?
1304 4789 1371 4870 Ego
1455 4832 1459 4841 -

252 4926 254 4930 f
1110 4892 1162 4945 21·
