3142 5476
237 210 298 278 136
471 275 480 283 ,
626 258 629 264 -
709 182 1102 291 casamassancia

235 374 273 437 de
289 371 469 455 captivitate
494 371 534 437 10
550 366 695 444 tnburm,
718 387 807 452 quam
822 367 916 434 etiam
930 366 1043 431 lobias
1058 385 1246 433 reversuram
1261 368 1426 450 praedicit,
1448 387 1546 433 conver

234 470 328 526 tanea
348 461 451 524 diceus
467 459 618 524 vaticiniis
632 457 745 521 Esaiae
768 465 801 520 et
817 457 926 521 Oseae.
955 458 1050 521 Porro
1065 457 1142 520 haee
1153 457 1218 539 jam
1234 458 1326 523 etiam
1342 459 1378 523 de
1396 458 1546 540 eaptivita

235 560 268 616 et
289 552 390 615 reditu
404 549 560 614 Manassis
581 546 710 628 intelligi
731 554 867 629 possent.
905 545 987 611 Sane
1004 546 1107 622 eant,
1124 548 1153 611 2.
1175 547 1319 629 templum
1341 555 1374 610 et
1391 548 1468 613 urbs
1483 549 1546 612 adh

235 643 322 706 salva
345 648 424 703 suut
466 638 598 703 Notabis
619 656 692 700 vero
709 645 748 699 et
768 636 957 699 vicinitatem
977 636 1106 702 nominis
1119 636 1237 703 Aehior
1251 637 1291 700 ad
1304 637 1438 714 Arioeh,
1458 638 1511 720 qui
1525 658 1546 700 0(

233 731 322 813 hujus
337 730 419 809 regis
434 727 613 810 Babyloniei
628 726 688 791 filio
704 735 954 790 commemoratur
969 747 988 789 a
1002 725 1082 788 Dan.
1098 727 1127 802 2,
1144 724 1195 789 24.

324 834 441 908 Quarto
458 835 627 917 quaeritur,
648 834 796 916 quomodo
811 834 939 901 Juditha
961 834 1080 896 dicatur
1102 832 1296 896 consenuisse
1318 833 1352 896 iu
1372 833 1464 897 domo
1478 852 1546 895 mar

234 934 267 991 et
290 925 432 1005 attigisse
455 943 565 987 aunum
589 923 661 987 105.
682 924 782 998 vitae,
805 928 837 993 et
851 942 914 1008 par
929 922 1022 987 fuisse
1036 921 1140 985 multis
1157 923 1244 985 aunis
1258 930 1330 1004 post
1350 923 1417 1003 ejus
1436 930 1546 986 morter

174 1028 178 1037 ⁴
236 1035 303 1081 oum
318 1023 422 1078 tamen
437 1014 524 1076 aunis
541 1008 583 1075 27
598 1013 764 1095 posthanc
782 1013 832 1075 13.
847 1012 1108 1094 Nabopolassaris
1120 1012 1291 1075 Jerusalem
1306 1012 1468 1076 destructa
1482 1013 1546 1074 fuer

233 1103 432 1185 Respondeo:
448 1103 522 1167 nihil
538 1103 652 1177 obstat,
668 1121 759 1184 quern
774 1102 853 1184 quod
865 1103 1000 1165 vetulam
1016 1101 1176 1164 admodum
1191 1101 1283 1165 fuisse
1299 1102 1445 1183 oportuit,
1460 1120 1546 1183 quan

233 1193 456 1277 pulchritudine
479 1212 534 1254 sua
549 1192 665 1274 placuit
679 1191 852 1254 ‘Holoferui
881 1191 928 1255 At
949 1190 1134 1272 impossibile
1154 1210 1215 1253 non
1236 1197 1299 1266 sst;
1322 1191 1546 1255 miraculosafr

233 1281 408 1347 Holofernis
429 1281 632 1358 dementatio,
654 1279 757 1363 quidni
779 1286 812 1342 et
833 1280 1015 1343 miraculosa
1036 1279 1180 1344 Judithae
1194 1280 1397 1360 pulchritudo,
1415 1298 1509 1363 quam
1524 1301 1546 1342 a

229 1373 311 1461 juvit
334 1371 427 1434 etiam
449 1372 516 1434 fuco
540 1366 615 1452 (10,
637 1364 755 1450 2-5),
777 1369 829 1433 ubi
851 1389 994 1451 expresse
1017 1369 1140 1444 dieitur,
1161 1365 1323 1433 Dominum
1337 1369 1389 1433 illi
1413 1370 1546 1433 eoutulis

100 1505 104 1517 ·
235 1455 434 1542 splendorem
485 1460 552 1529 Aut
581 1460 623 1522 sit
646 1479 720 1523 sane
746 1458 916 1552 sphalma
908 1480 939 1522 ιιι
963 1454 1086 1523 numero
1111 1478 1256 1524 annorum
1280 1460 1394 1523 aetatis
1427 1460 1546 1540 ejuse

234 1558 358 1615 trema'e.

322 1655 460 1738 Denique
475 1655 554 1733 vide,
576 1655 679 1738 quod
665 1675 731 1736 Jam
745 1655 834 1717 modo
851 1655 977 1732 dietum,
1000 1676 1039 1719 an
1055 1655 1195 1750 scriptori
1211 1606 1346 1719 fueritin
1363 1655 1465 1719 animo
1482 1659 1546 1719 stat

233 1745 378 1821 Judaeae,
394 1764 444 1827 qm
436 1745 515 1808 sub
530 1746 675 1808 Manasse
690 1745 748 1807 fuit
763 1739 853 1826 (aera
868 1739 959 1825 303).

321 1852 408 1916 Aera
422 1851 528 1933 templi
550 1833 773 1932 379;Νο1ιοιι.
791 1845 863 1914 127.
899 1850 1093 1920 Ptolemaeus
1115 1851 1210 1913 refert
1232 1850 1358 1932 sersiu
1380 1790 1546 1931 3digitoro

234 1962 321 2026 quasi
312 1941 532 2004 observatam
555 1923 774 2021 eBabyloniis.
809 1939 852 2002 Et
874 1940 931 2001 fuit
953 1940 1071 2021 quidem
1093 1939 1165 2004 talis
1181 1940 1232 2002 21.
1241 1940 1331 2020 Apa,
1353 1940 1409 2002 sed
1423 1939 1546 2022 Babylo

233 2030 400 2094 medinm
374 2030 501 2113 eyussub
511 2031 637 2093 Terram
652 2029 750 2103 eadit;
767 2035 799 2090 et
814 2029 900 2091 addit
910 2048 948 2091 ex
956 2029 1055 2091 relatu
1063 2037 1312 2104 astronomorum,
1327 2029 1420 2092 fuisse
1431 2028 1460 2099 b.
1470 2049 1546 2091 auuu

128 2132 133 2140 ’
233 2120 384 2203 Nabopol.
405 2127 497 2202 atque
514 2139 552 2181 ex
567 2119 624 2181 fide
641 2119 764 2181 tabulae
781 2118 1003 2180 astronomicae
1025 2138 1122 2181 annus
1140 2113 1210 2183 127.
1226 2118 1345 2182 Nabou.
1362 2118 1546 2181 00131101οι

236 2208 442 2273 cadonosoris.
478 2209 551 2271 Jure
575 2227 646 2288 ergo
662 2207 909 2288 pronunciamus,
930 2208 1138 2271 Ptolemaeum
1160 2206 1251 2270 fuisse
1273 2208 1409 2289 lapsum,
1430 2206 1463 2269 id
1478 2212 1546 2271 tam

236 2298 314 2362 eitra
330 2297 478 2362 damnum
510 2294 591 2368 Quia
613 2305 716 2372 tamen
732 2295 833 2377 aliqua
848 2296 1001 2377 emphasis
1024 2297 1056 2359 in
1070 2296 1129 2362 hoe
1145 2302 1206 2373 est,
1229 2297 1309 2382 quod
1322 2296 1520 2360 Ptolemaeus
1534 2297 1546 2362 l

235 2387 331 2452 utitur
353 2386 471 2453 verbis:
505 2385 609 2463 ,Hora
626 2386 674 2449 ll.
691 2385 848 2449 desinente
872 2386 972 2469 eoepit
986 2385 1074 2448 Luna
1090 2385 1227 2462 deficere,
1250 2385 1418 2468 defecitque
1435 2392 1470 2448 ut
1485 2387 1546 2469 plur

208 2532 210 2535 .
235 2495 315 2540 mum
331 2483 440 2558 quarta
454 2495 526 2558 pars
542 2475 581 2539 ab
602 2473 738 2550 austro“,
752 2508 796 2519 —
811 2473 858 2536 eui
875 2474 1080 2538 observationi
1101 2474 1240 2557 principii
1254 2475 1449 2538 Ptolemaeus
1470 2484 1546 2558 post

235 2565 485 2631 ratiocinationes
501 2585 573 2628 suas
589 2564 739 2628 demedio
756 2563 946 2645 superstruit,
962 2565 1047 2646 quasi
1058 2565 1176 2629 omnino
1191 2564 1286 2627 verba
1299 2563 1458 2628 retulisset
1474 2566 1546 2628 obse

236 2664 479 2737 vatorumquae
495 2655 579 2735 ipsos
595 2654 632 2718 de
647 2655 705 2717 hoc
721 2659 881 2730 excusant,
902 2654 981 2736 qnod
995 2654 1126 2718 medium
1141 2653 1262 2735 eclipsis
1278 2655 1332 2717 sub
1347 2656 1475 2717 Terram
1491 2656 1546 2719 ead

239 2746 347 2828 quippe
358 2744 567 2819 nonmedium,
583 2744 637 2807 sed
645 2743 823 2824 principium
833 2763 865 2805 se
882 2743 985 2806 dieunt
1001 2745 1190 2820 observasse,
1204 2743 1330 2807 -ideo
1346 2744 1474 2807 tentabo
1492 2745 1546 2808 alia

237 2834 479 2898 conciliationem
494 2833 664 2897 Ptolemaei
680 2853 745 2895 curn
761 2833 866 2895 tabula
887 2833 1105 2909 astronomica,
1128 2853 1167 2896 ex
1187 2852 1246 2915 qua
1266 2839 1504 2897 consentaneum
1526 2855 1546 2898 0(

235 2923 445 2986 Ptolemaeum
459 2922 558 3004 ipsum
575 2942 646 2985 suas
663 2921 892 2985 observationes
908 2923 1106 3005 excerpsisse.
1143 2923 1182 2999 Id
1195 2930 1296 2986 autem
1312 2922 1355 2986 sic
1372 2924 1533 3000 suecedet,

237 3032 276 3076 ex
296 3012 544 3094 Nabopolassaro
566 3011 735 3076 Ptolemaei
762 3017 899 3074 nostrum
927 3012 1272 3088 Nabuchodonosorem‚
1305 3031 1344 3074 ex
1372 3012 1479 3095 quinto
1509 3034 1546 3075 ve

204 3182 207 3191 ¹
236 3101 301 3183 ejus
317 3121 395 3165 anno
418 3120 474 3163 nos
490 3100 613 3164 tertium
629 3100 823 3164 effecerimus.
852 3100 895 3163 Et
918 3101 955 3163 de
970 3101 1066 3183 primo
1083 3101 1201 3183 quidem
1224 3107 1348 3182 nonest
1369 3121 1483 3183 magua
1499 3103 1546 3167 dil

236 3191 349 3268 eultas;
381 3191 485 3254 erebro
508 3192 588 3271 apud
609 3190 782 3265 Juditham,
803 3189 970 3270 Josephum
994 3198 1025 3253 et
1045 3191 1224 3267 Eusebium,
1247 3192 1382 3272 adeoque
1405 3199 1440 3253 et
1462 3198 1546 3254 ceter

237 3279 374 3344 Graecos
390 3287 612 3343 commutantur
625 3279 701 3342 haec
718 3279 775 3344 duo
792 3279 920 3343 nomina.
945 3280 981 3343 Iu
997 3281 1127 3342 secundo
1144 3281 1262 3344 facilem
1276 3279 1374 3344 habeo
1389 3278 1546 3363 Scaligeru

236 3377 268 3433 et
284 3371 457 3433 demonstro
474 3389 540 3432 cum
555 3369 606 3432 illo
623 3368 779 3434 exBerosi
793 3369 903 3445 verbis,
917 3369 1246 3435 Nabuchodonosorem
1261 3389 1363 3452 regem
1373 3369 1499 3447 factum,
1515 3392 1546 3435 eu

235 3461 347 3543 pater
338 3480 436 3564 ipsum
450 3460 482 3522 in
496 3460 672 3541 Aegyptum
693 3458 846 3534 mitteret,
868 3459 976 3541 quippe
999 3482 1146 3539 συστησας
1161 3483 1236 3542 pepp
1258 3481 1320 3522 τινα
1342 3481 1393 3538 της
1415 3465 1546 3538 desuper

234 3549 342 3629 Itaque
375 3549 400 3615 si
425 3568 480 3613 rex
503 3549 603 3635 faetus
628 3555 699 3611 ante
731 3547 953 3631 expeditionem
982 3568 1060 3612 anuo
1088 3549 1207 3613 Nabum
1239 3539 1325 3613 123.
1339 3549 1397 3612 erit
1426 3550 1477 3614 hio
1510 3551 1546 3614 12

236 3638 366 3722 quintus.

322 3746 408 3810 Aera
429 3744 534 3826 templi
546 3736 635 3808 387:
667 3749 792 3827 quartus
815 3742 971 3808 Sedeeiae.
990 3743 1149 3809 ‘Ezechiel
1176 3739 1227 3827 (1,
1252 3738 1285 3826 1)
1308 3741 1449 3808 numerat
1470 3766 1546 3810 annu

166 3860 173 3871 “
236 3836 287 3900 30.
304 3836 432 3898 obscura
448 3854 549 3898 eausa.
581 3832 719 3914 Scaliger
733 3834 799 3896 vult
814 3834 865 3896 30.
880 3833 1040 3916 Nabopol.,
1056 3834 1110 3897 sed
1124 3841 1241 3916 pugnat
1254 3835 1313 3897 hoe
1329 3853 1396 3898 oum
1411 3834 1471 3899 fide
1486 3836 1546 3900 tabi

234 3926 333 3989 larum
347 3924 612 4006 genethliaearum.
642 3922 706 3985 Alii
721 3943 740 3984 a
754 3923 910 4000 Jubilaeo,
932 3924 1012 4005 quod
1032 3942 1118 3987 meae
1140 3925 1275 3988 rationes
1290 3943 1465 4007 mecumque
1484 3926 1546 4008 pler

236 4034 292 4098 que
314 4020 476 4096 rasponum
498 4012 699 4099 Hieronymus
722 4012 832 4075 alieubi
854 4012 895 4074 ad
917 4013 967 4075 18.
982 4012 1095 4077 Josiae.
1132 4013 1199 4095 Ego
1223 4033 1345 4091 censeo,
1368 4014 1453 4078 innui
1469 4036 1546 4079 annu

235 4104 412 4187 prophetae.
441 4096 553 4166 Forma
572 4100 727 4183 loquendi:
753 4101 837 4182 ,ipse
860 4096 983 4205 (quinta
1003 4096 1119 4185 quarti)
1144 4112 1194 4167 est
1214 4124 1311 4167 aunus
1332 4102 1456 4186 quintus
1472 4112 1546 4169 tran

234 4192 424 4276 migrationis
438 4186 623 4254 Jeehoniae“
647 4190 693 4253 ita
708 4198 807 4265 sonat,
827 4211 864 4254 ae
879 4211 913 4253 ιι
897 4191 978 4254 hoe
994 4192 1042 4255 die
1057 4199 1229 4257 verteretur
1245 4213 1351 4268 annus,
1366 4211 1425 4275 quo
1442 4194 1546 4258 disan

237 4291 331 4348 annos
353 4283 374 4346 4
395 4289 502 4362 eaptus
522 4287 606 4343 esset
625 4279 702 4342 lilius
721 4272 869 4344 Joachin.
913 4280 1056 4346 Ezechiel
1083 4302 1163 4347 nova
1187 4290 1278 4347 utens
1301 4301 1374 4346 aera
1395 4302 1458 4347 uon
1473 4291 1546 4349 trau

236 4374 296 4437 fert
310 4380 414 4436 tamen
429 4370 573 4434 terminos
589 4390 660 4433 annu
651 4369 794 4432 Judaiei
808 4369 885 4433 fixos
901 4371 1091 4452 antiquitus'
1082 4393 1114 4435 ιιι
1128 4372 1223 4455 primo
1240 4372 1288 4436 die
1302 4372 1472 4455 paschatis

324 4478 413 4552 Quod
433 4496 506 4542 vero
522 4477 723 4561 quantitatem
744 4477 858 4540 attinet
867 4497 1032 4555 mensium,
1053 4479 1215 4544 verisimile
1232 4486 1294 4557 est,
1315 4481 1437 4546 illama
1451 4481 1546 4547 Judae

235 4566 391 4652 Babylone
415 4569 593 4651 degentibus
608 4573 761 4649 receptam
783 4567 876 4630 fuisse
898 4568 1109 4651 aBabylouiis
1133 4569 1269 4635 dominis.
1307 4568 1460 4634 Solebaut
1477 4579 1546 4636 aute

236 4661 280 4724 illi
292 4674 412 4724 meuses
428 4659 581 4723 celebrare
597 4657 791 4732 tricenarios,
813 4658 878 4721 dies
892 4677 965 4721 vero
981 4658 1001 4722 δ
1017 4659 1197 4722 Musteralra
1213 4659 1322 4736 dictos,
1336 4668 1373 4722 ut
1388 4660 1483 4724 docet
1498 4661 1546 4727 Se

236 4749 321 4832 liger,
336 4749 562 4831 appenderead
576 4767 643 4812 eum
656 4765 805 4823 mensem,
826 4747 877 4830 qui
898 4748 1060 4812 claudebat
1080 4748 1176 4813 vitam
1197 4756 1230 4814 et
1250 4750 1546 4832 regnum-decessor
