3112 5474
247 234 336 316 ‘aot'
373 343 376 346 .
748 264 1100 321 armemanensis

266 431 323 494 quo
339 418 507 493 prognatus
521 365 669 485 Herodes,
685 412 734 493 qni
749 412 908 476 nobilitate
924 420 957 475 et
971 413 1078 494 opibus
1093 413 1194 495 gentis
1208 411 1373 476 Idumaeae
1393 412 1507 493 prinoep

263 502 404 583 pellatur,
420 501 527 582 quippe
543 500 775 604 liliusAutipae,
791 521 878 583 quem
891 502 974 582 prior
988 521 1044 564 rex
1053 502 1229 566 Alexander
1242 502 1407 564 Idumaeae
1422 502 1507 582 prael

202 609 207 624 ¹
266 591 477 653 constituerat.
507 588 612 652 Genus
628 589 668 651 ad
682 591 829 694 primores
843 591 1028 653 Iudaeorum
1041 591 1275 672 Babyloniorum
1291 590 1493 665 referebat'
1473 611 1497 651 ιι

264 680 313 743 lao
328 681 521 743 Damascene
538 678 695 754 credimus,
717 681 767 760 qui
783 681 837 742 sub
852 679 1005 742 Archelao
1022 681 1099 742 vait
1114 688 1147 741 et
1162 680 1293 772 scripsit.
1329 680 1411 742 Erat
1434 680 1507 741 inter

263 769 439 847 Antipater,
454 768 567 829 amicus
581 768 717 848 Hyrcani
730 768 840 831 Judaei
862 776 895 830 et
915 769 1032 832 Aretae
1047 769 1181 833 Arabiae
1197 787 1318 849 regum,
1343 787 1422 849 quos
1438 769 1507 831 inter

265 858 368 920 citiam
383 865 415 918 et
428 858 571 937 Hyrcano
589 856 625 917 de
639 874 732 937 regno
755 858 874 937 dejecto
890 858 1059 938 confugium
1074 854 1255 938 procuravit.
1290 857 1365 919 Jam
1388 865 1455 919 tum
1469 858 1507 938 igi

262 945 452 1008 matrimonio
468 945 609 1007 habuisse
626 943 749 1028 Cypron
763 946 943 1010 Arabissam
959 955 1120 1027 natumque
1136 947 1238 1009 luisse
1243 936 1402 1008 Herodem
1425 965 1466 1008 ex
1484 965 1507 1009 er

263 1043 442 1098 sentaneum
463 1042 520 1097 est.
564 1034 692 1097 Liberos
714 1036 793 1098 enim
815 1035 937 1109 babuit,
965 1056 1022 1117 quo
1045 1042 1180 1116 tempore
1204 1054 1270 1097 cum
1291 1034 1507 1097 Aristobulol

262 1124 368 1206 gessit,
384 1143 459 1206 quos
475 1124 697 1204 apudArabem
712 1124 860 1205 deposuit.
884 1125 992 1188 Annus
1009 1133 1076 1188 erat
1091 1124 1142 1189 69.
1158 1132 1229 1242 aute
1244 1124 1366 1186 initium
1376 1143 1472 1186 aerae
1487 1144 1507 1187 n

263 1213 387 1276 usualis.

348 1303 539 1383 Aegrotapte
549 1301 736 1377 Alexandra,
751 1322 808 1384 quo
824 1302 928 1365 morbo
943 1309 1135 1377 mortuaest,
1149 1302 1311 1382 Tigranem
1327 1302 1375 1364 ait
1392 1302 1507 1365 aPtole

263 1398 439 1454 revocatum
454 1391 669 1454 inArmeniam
685 1410 778 1466 suam,
795 1391 864 1473 quia
874 1390 1017 1454 Lucullus
1032 1391 1138 1453 illam
1130 1400 1296 1453 invaserat.
1319 1391 1366 1452 Et
1381 1393 1507 1493 legimur

83 1478 89 1487 “
124 1484 144 1564 J
261 1480 410 1584 prioribus
425 1480 568 1560 Pompejo
591 1488 623 1542 et
639 1478 762 1555 Crasso,
778 1481 858 1562 quod
872 1479 1015 1543 Lucullus
1029 1480 1239 1543 Mithridatem
1261 1480 1462 1560 fugientem
1453 1501 1507 1543 ιιι

263 1570 343 1631 niam
356 1577 534 1649 persecutus
549 1562 712 1650 Tigranem
727 1570 835 1631 vicerit
850 1568 899 1632 Ol.
916 1564 986 1631 177.
1002 1587 1081 1632 anuo
1097 1571 1126 1632 3
1159 1569 1239 1631 Ecce
1256 1588 1449 1632 consensum.
1489 1570 1507 1630 E

246 1677 333 1720 num
353 1663 462 1738 postea
477 1658 610 1722 Arabico
627 1658 785 1721 exercitu
771 1679 808 1720 ιιι
821 1658 970 1721 Iudaeam
991 1659 1148 1721 reductum
1169 1676 1363 1743 oppugnasse
1386 1659 1507 1739 templu

264 1747 381 1821 achate,
396 1746 515 1828 quando
532 1746 665 1810 Scaurus
688 1747 864 1828 aPompejo
880 1748 1020 1810 bellum
1011 1767 1043 1810 ιιι
1057 1747 1202 1810 Armenia
1217 1754 1344 1827 gerente
1367 1749 1507 1811 missuse

225 1878 227 1883 .
265 1835 403 1917 Syriam,
430 1837 583 1898 Damasco
605 1855 711 1899 recens
734 1845 862 1917 captaa
883 1836 1010 1899 Metello
1032 1845 1065 1898 et
1085 1837 1200 1911 Lollio,
1229 1844 1261 1898 et
1281 1835 1434 1900 Scaurum
1463 1856 1507 1916 rep

262 1925 384 1988 Arabes
400 1932 432 1986 et
446 1927 629 2005 Hyrcanum,
643 1926 788 1988 minatum
805 1944 888 1988 arma
902 1924 1106 1988 Romanorum
1121 1927 1229 2007 qqupe
1244 1925 1446 2005 Antigonum,
1462 1934 1507 2003 etj

261 2032 350 2094 quam
365 2013 498 2077 Scaurus
507 2014 692 2077 Damascum
706 2015 850 2089 venisset,
865 2013 1008 2095 pecunias
1023 2014 1141 2077 misisse
1159 2013 1289 2084 Gabinio
1306 2023 1340 2075 et
1355 2023 1468 2096 postea
1483 2013 1505 2077 S

261 2101 348 2166 Haec
365 2103 470 2165 eadem
487 2103 666 2184 explicatius
682 2123 748 2166 cum
761 2113 896 2183 tempore
912 2103 1014 2183 prodit
1028 2103 1157 2165 historia
1171 2102 1324 2165 Romana:
1349 2105 1507 2185 Pompejus

259 2189 375 2272 Lepido
393 2199 425 2253 et
439 2192 583 2254 Volcatio
601 2191 687 2255 Coss.
702 2192 864 2272 Tigranem
878 2193 980 2273 populi
995 2191 1125 2258 Romani
1141 2193 1268 2259 amioum
1290 2193 1366 2255 fecit
1386 2193 1507 2255 ademta

262 2276 332 2362 (per
348 2279 546 2362 senteutiam)
565 2280 655 2363 Syria
677 2290 748 2344 aute
765 2281 957 2355 Saturnalia,
979 2282 1109 2356 ineunte·
1118 2301 1196 2344 anno
1212 2282 1242 2343 4.
1252 2280 1301 2344 Ol.
1320 2278 1394 2345 178.
1409 2283 1507 2345 Macer

259 2388 362 2432 more,
388 2369 463 2450 Ejus
484 2370 611 2433 hiberna
633 2389 699 2432 cum
720 2370 833 2454 Albani
855 2371 1030 2445 irruissent,
1059 2370 1148 2434 amIci
1170 2370 1310 2450 Tigranis
1335 2370 1484 2451 junioris,

210 2489 214 2498 ·
259 2459 361 2540 populi
376 2458 521 2533 Romani,
541 2459 704 2539 Pompejus
721 2479 786 2522 oum
800 2460 838 2522 iis
854 2467 975 2522 aestate
998 2460 1136 2540 sequenti
1152 2458 1341 2540 depugnavit
1354 2458 1454 2524 Cotta
1475 2469 1505 2522 et

259 2556 351 2629 quato
368 2547 463 2621 Cosa,
478 2549 598 2628 legatos
616 2540 778 2612 Gabinium
794 2550 833 2611 ad
842 2549 955 2629 Tigrin,
968 2547 1130 2613 Afranium
1143 2549 1175 2610 in
1190 2547 1378 2611 Gordueneu
1391 2550 1486 2624 misit,
1503 2572 1507 2607 ι

260 2645 408 2717 occupata
423 2656 477 2718 per
485 2632 737 2717 Mesopotamiam
752 2638 896 2700 transivit
909 2638 941 2698 in
951 2636 1080 2719 Syriam,
1096 2644 1245 2717 captaque
1254 2637 1411 2700 Damasco
1421 2640 1507 2702 Antio

258 2725 430 2793 Asiaticum
449 2726 503 2789 illa
523 2726 642 2808 Syriaci
657 2728 742 2807 regni
764 2735 852 2808 parte
868 2726 1004 2806 dejecit,
1021 2726 1100 2808 quod
1114 2727 1146 2789 id
1161 2726 1440 2806 Tigranisfuisset,
1455 2747 1507 2809 que

260 2816 525 2896 ceratPompejus,
540 2816 710 2878 Antiochus
722 2834 797 2877 rvero
812 2815 928 2895 iniussu
943 2815 1212 2895 victorisPompeji
1228 2817 1457 2896 possessionem
1466 2818 1507 2896 TiJ

261 2912 450 2983 occupasset
489 2904 572 2966 Vere
594 2905 716 2967 ineunte
738 2905 846 2968 Parthi
865 2905 1026 2984 Tigranem
1046 2904 1140 2966 filium
1160 2902 1347 2966 reduxeruut
1368 2906 1400 2967 in
1420 2907 1507 2968 Arme

259 2994 390 3073 Tigrane
411 3001 503 3074 patre
522 2994 635 3056 frustra
648 2993 996 3075 Pompejum‘suppetias
1009 3000 1156 3073 rogante,
1180 2992 1313 3056 Caesare
1335 3003 1370 3056 et
1383 2995 1492 3075 Figulo

259 3082 433 3143 imminente
450 3080 630 3164 Olympiade
648 3077 719 3145 179.
755 3084 838 3145 Tune
860 3083 952 3162 Igitur
966 3083 1127 3169 Hyrcanus
1150 3082 1297 3161 atemplo
1313 3085 1454 3146 recessit.
1489 3084 1507 3146 l

259 3169 332 3232 illud
353 3170 464 3232 bellum
486 3179 548 3245 est,
571 3171 650 3252 quod
668 3172 834 3251 Antipater
854 3178 960 3233 contra
981 3170 1190 3235 Aristobnlum
1213 3171 1325 3251 gessit,
1348 3174 1471 3252 quaudo
1492 3173 1507 3235 li

259 3258 339 3339 apud
352 3259 488 3323 Arabem
508 3260 657 3340 deposuit
693 3260 828 3323 Posthac
850 3260 929 3323 esim
949 3279 1010 3322 non
1033 3259 1159 3339 amplius
1180 3278 1257 3339 opus
1279 3260 1338 3340 ipsi
1363 3262 1422 3324 fuit
1444 3263 1499 3324 bae

258 3365 374 3408 rursum
389 3349 590 3410 tumultuante
605 3348 799 3424 Aristobulo,
819 3348 965 3412 Romanis
976 3345 1042 3429 jam
1057 3348 1180 3428 Syriam
1194 3349 1379 3412 tenentibus.
1409 3351 1496 3415 Vixit

253 3436 319 3515 J‘am
335 3436 471 3500 Herodes
486 3444 562 3499 natu
578 3439 726 3500 secundus
741 3438 821 3501 inter
835 3439 947 3501 liberos
961 3437 1121 3518 Antipatri
1143 3444 1215 3499 ante
1231 3457 1293 3500 aer.
1308 3458 1336 3500 a
1354 3438 1407 3501 64.

344 3525 450 3605 Pergit
470 3526 636 3614 Iosephus:
666 3525 784 3609 Olymp.
804 3523 876 3591 179.
897 3527 1071 3607 Pompejum
1093 3526 1213 3591 venisse
1235 3526 1440 3604 Damascum,
1462 3537 1494 3591 et

259 3611 404 3676 Cicerone
427 3621 459 3675 et
476 3608 611 3678 Antonio
634 3617 746 3678 omissa
767 3617 995 3697 expeditione
980 3635 1018 3678 ιιι
1039 3615 1187 3678 Arabiam
1209 3616 1327 3696 cepisse
1350 3617 1507 3700 Jerosolyu

179 3713 182 3722 ·
256 3703 457 3783 Antigonum,
479 3723 545 3765 cum
565 3705 597 3766 in
620 3705 728 3767 itinere
742 3706 948 3809 Jerosolyma
945 3711 1062 3766 versus
1084 3704 1122 3766 de
1135 3711 1233 3766 morte
1247 3705 1442 3769 Mithridatis
1459 3727 1507 3769 auo

257 3790 358 3872 Capta
378 3792 571 3874 Jerosolyma
593 3793 671 3855 die
657 3793 764 3875 Jejunii
787 3794 899 3858 mensis
919 3794 1012 3856 tertii.
1049 3793 1134 3855 Idem
1154 3792 1301 3856 Romani:
1326 3795 1507 3861 Mithridate

138 3955 143 3966 ,
257 3879 344 3943 Coss.
367 3881 494 3956 obiisse,
516 3882 690 3962 Pompejum
711 3902 837 3967 parasse
859 3883 1082 3964 expeditionem
1097 3883 1129 3944 in
1145 3882 1357 3958 Nabathaeos,
1371 3885 1403 3947 in
1419 3884 1507 3949 dedib‘

256 3971 411 4049 accepisse
433 3972 607 4051 Hyrcanum
629 3972 756 4034 fratrem
776 3981 849 4036 natu
871 3972 1016 4052 majorem
1038 3971 1127 4034 nullis
1147 3968 1309 4051 praesidiis
1332 3973 1459 4050 fultum,
1485 3995 1507 4037 cr

257 4059 381 4120 fratrem
402 4066 477 4121 natu
492 4059 636 4122 minorem
650 4061 839 4141 Antigonum
861 4060 1115 4141 etllerosolymas
1138 4061 1186 4122 die
1209 4060 1370 4137 sabbathi,
1391 4064 1464 4143 quia
1477 4084 1507 4127 so

256 4147 336 4208 mani
352 4148 452 4209 omnia
468 4148 549 4210 festa
562 4148 747 4211 Iudaeorum
769 4151 926 4232 appellant
948 4149 1113 4223 sabbatha;
1136 4150 1423 4230 postconsulatum
1446 4152 1507 4216 Cice

257 4235 378 4317 scripsit
392 4237 553 4318 Pompejus
569 4237 697 4300 Romam
719 4239 755 4300 de
771 4241 860 4302 rebus
877 4262 895 4302 a
911 4259 943 4301 se
959 4239 1070 4319 gestis,
1093 4245 1125 4300 et
1140 4239 1335 4318 sequentibus
1352 4240 1441 4304 Coss.
1456 4243 1507 4323 Pap

239 4356 240 4359 ι
257 4325 382 4387 Valerio
399 4324 597 4405 triumphavit
611 4326 785 4402 deJudaea,
801 4329 899 4391 ductIs
914 4328 944 4390 in
960 4328 1111 4408 triumpho
1120 4326 1299 4390 Aristobulo
1316 4335 1350 4390 et
1362 4330 1507 4410 Antigono

255 4413 325 4475 filio.
355 4413 470 4478 Scribit
485 4415 604 4496 quidem
618 4416 786 4497 Appiauus,
807 4417 1016 4482 Ariswbulum
1031 4425 1102 4479 tunc
1124 4417 1318 4488 interemtum
1340 4439 1361 4480 a
1375 4419 1507 4500 PompeJ'o

194 4516 197 4524 ”
255 4503 345 4571 credo
360 4504 504 4584 Josepho,
519 4512 556 4566 ut
569 4513 719 4586 sequetur.
748 4507 857 4570 Annus
873 4515 941 4570 erat
956 4506 1006 4569 61.
1021 4513 1093 4567 aute
1108 4524 1212 4569 aeram
1227 4515 1375 4582 nostram,
1390 4527 1507 4570 anuusn

255 4610 295 4653 ex
316 4611 374 4673 quo
395 4611 520 4674 regnum
535 4594 696 4675 Hyrcanas
719 4603 896 4677 susceperat
917 4603 949 4658 et
971 4596 1163 4676 deposuerat.
1197 4596 1245 4656 At
1258 4594 1328 4658 huic
1350 4615 1429 4659 nono
1443 4615 1495 4658 uon

254 4680 347 4744 drant
362 4682 486 4744 decreta
500 4682 703 4745 Romanorum
720 4692 752 4746 et
766 4684 1009 4759 AthenIensium,
1020 4698 1099 4766 quae
1107 4683 1268 4764 Iosephus
1289 4690 1360 4756 (Aua
1385 4692 1441 4745 Iud
1461 4696 1507 4750 m

256 4769 358 4844 refert,
375 4770 412 4832 de
428 4771 534 4852 quibus
548 4771 617 4834 vide
631 4772 719 4836 infra
