3142 5476
188 255 250 326 108
378 236 380 239 ⁸
494 345 497 357 Ι
601 273 703 326 therse
714 273 1096 340 Keplerlalitrumquamutuaa

185 422 317 504 qratiam
332 418 524 484 sacerdotum
539 424 572 480 et
585 417 775 498 religionum,
795 419 873 499 quod
888 418 1003 482 Romae
1024 418 1136 481 iactum
1155 435 1216 480 non
1233 415 1300 479 est?
1329 413 1375 478 Ut
1389 414 1436 478 ita
1450 418 1518 477 vers'

184 510 371 593 Epiphanius
386 508 535 573 invenerit
550 508 581 570 iu
595 508 689 571 Pilati
703 508 782 571 actis
796 509 867 571 XII.
884 507 949 575 Cal
964 508 1074 590 April,
1097 525 1172 590 quae
1190 505 1337 568 hodierno
1351 505 1424 569 stilo
1439 504 1519 569 iacta

131 590 134 599 ¹
184 602 224 665 X.
241 599 316 676 cal,
329 607 365 662 nt
378 597 566 680 Epiphanius
582 597 639 671 ait,
661 598 698 661 ab
715 597 782 661 aliis
797 617 913 680 quoque
924 599 1037 679 jactari
1053 601 1090 660 eir
1104 595 1319 659 iisdem‘Pilati
1334 595 1429 670 actis,
1451 614 1517 657 cru-

185 690 303 754 cifixum
317 689 434 770 Regem
448 687 645 751 Judaeomm:
670 695 704 750 at
719 707 786 750 cum
804 688 937 751 nesciret
955 688 1142 769 Epiphanius
1163 684 1362 748 mutationem
1382 703 1419 747 eo
1444 703 1517 747 anno

186 780 298 843 factam
311 779 343 841 iu
360 777 539 843 calendario
554 776 701 852 Romano,
716 778 935 860 putaveritque,
946 776 1062 857 justam
1076 777 1169 840 fuisse
1184 774 1439 848 numerationem,
1453 773 1518 836 ideo

186 871 223 932 de
242 887 295 931 suo
316 867 468 930 addidisse
489 866 594 929 feriam
615 867 739 929 tertiam
753 867 792 929 ad
806 867 893 930 XIII
910 866 988 940 Gal,
1010 886 1076 930 oum
1095 865 1186 929 luerit
1206 864 1281 927 seria
1295 863 1334 925 V.
1365 861 1454 935 Quae
1470 882 1517 925 se-

186 965 315 1041 quuntur
338 957 380 1020 in
392 955 561 1037 Epiphanio
587 956 623 1018 de
646 956 773 1038 quinque
799 955 1006 1019 continuorum
1038 957 1158 1019 dierum
1181 953 1459 1017 accommodatione
1482 953 1519 1015 ad

128 1076 130 1079 ’
151 1106 154 1112 r
185 1048 277 1114 serias
292 1046 389 1131 adque
403 1045 520 1121 Lunas,
537 1064 603 1108 cum
619 1064 720 1108 seeum
734 1045 801 1127 ipsa
816 1052 849 1108 et
864 1065 930 1108 cum
943 1045 1195 1127 praecedentibus
1211 1042 1518 1125 consequentibusque

185 1143 328 1221 pugnent,
350 1143 423 1216 puto
445 1155 506 1198 nou
521 1154 589 1198 esse
604 1134 774 1217 Epiphanii,
791 1135 845 1198 sed
860 1136 1026 1216 glossema3
1051 1154 1144 1217 eoque
1163 1134 1227 1214 jam
1242 1132 1300 1196 hoc
1315 1151 1390 1213 ago,
1412 1139 1449 1194 ut
1463 1131 1518 1193 ali·

182 1227 261 1290 unde
284 1243 452 1307 comparem
475 1223 625 1287 Graecum
646 1232 778 1300 textum,
806 1245 876 1289 nam
890 1226 1008 1306 Pragae
1023 1225 1207 1288 bibliotheca
1230 1241 1327 1285 careo.-
1365 1220 1446 1297 Sed,
1467 1221 1533 1295 ais,

140 1326 143 1333 '
184 1317 271 1380 Luna
286 1334 344 1378 nou
362 1314 528 1401 consentit,
544 1332 581 1377 ue
597 1313 739 1397 quidem
730 1335 759 1376 m
775 1313 831 1377 XI
847 1314 912 1379 Gal
942 1314 1130 1396 Epiphanius
1148 1312 1264 1394 prolixe
1286 1311 1478 1393 respondet,
1491 1317 1520 1372 et

183 1424 287 1468 verum
301 1405 423 1478 fatetur,
439 1403 623 1485 anticipasse
638 1402 728 1467 biduo
743 1403 861 1467 Lunam
875 1402 971 1489 XIV,
992 1422 1115 1466 causam
1137 1403 1228 1465 etiam
1243 1401 1360 1465 indicat
1375 1400 1519 1463 calculum

183 1494 309 1560 iudaeis
323 1494 478 1557 usitatum
501 1494 547 1556 Tu
562 1492 680 1574 quidem
695 1493 824 1574 paucula
833 1480 956 1599 colligis
968 1488 1115 1575 exempla,
1131 1492 1238 1578 quibus
1249 1490 1371 1579 probas,
1385 1489 1518 1553 Iudaeos

184 1604 255 1649 usos
271 1603 339 1646 esse
355 1583 440 1665 cyclo
455 1582 664 1646 Alexandreo:
689 1589 723 1644 at
745 1583 816 1664 quid
838 1585 864 1646 si
878 1583 977 1646 omnia
989 1583 1043 1647 illa
1065 1582 1203 1663 exempla
1217 1581 1315 1647 teneri
1329 1579 1467 1661 possint,
1487 1583 1520 1640 ut

74 1738 77 1747 ,
134 1668 136 1673 ’
184 1693 238 1757 per
254 1673 370 1756 cyclum
384 1670 480 1746 illum,
504 1672 541 1734 de
557 1690 614 1753 quo
629 1672 837 1754 Epiphanius?
866 1673 917 1736 An
934 1681 983 1736 est
997 1671 1153 1747 credibile,
1174 1670 1376 1753 Epiphaniam
1391 1667 1519 1732 fabulari

184 1763 315 1827 voluisse
337 1768 426 1825 tanta
445 1781 512 1824 cum
529 1780 652 1843 pompa,
674 1768 709 1823 ut
730 1778 839 1824 norum
860 1761 977 1824 scilicet
997 1761 1112 1844 cyclum
1140 1760 1339 1841 confingeret,
1369 1779 1429 1841 quo
1452 1763 1517 1820 tue-

184 1859 268 1935 retur
290 1870 374 1915 suum
396 1851 519 1932 dogma,
545 1850 708 1914 Christum
717 1870 841 1931 passum
861 1851 948 1913 Luna
971 1851 1096 1914 coelesti
1115 1850 1198 1914 XII?
1227 1849 1262 1912 In
1285 1848 1350 1929 ejus
1372 1848 1451 1930 cycli
1466 1847 1518 1908 de-

184 1932 347 2060 sumptione
369 1941 473 2006 insunt
493 1940 569 2002 haec
591 1940 753 2016 notabilia,
780 1941 915 2004 Judaeos
937 1942 1047 2004 secisse
1069 1959 1178 2003 aunum
1205 1937 1343 2002 Solarem
1373 1933 1419 2019 (d
1441 1929 1518 2017 365)

184 2012 380 2114 humil
409 2031 490 2097 Nam
505 2030 544 2092 ab
559 2029 646 2092 annis
664 2029 713 2104 14,
736 2030 793 2105 ait,
817 2030 951 2094 ablatam
964 2049 1056 2093 unam
1069 2029 1189 2104 horam,
1209 2028 1338 2111 qualium
1354 2033 1442 2091 totus
1458 2026 1519 2088 dles

185 2130 217 2186 et
232 2139 292 2183 nox
307 2119 478 2182 naturalis
464 2118 592 2200 Junctim
607 2118 722 2181 habent
739 2119 787 2181 12.
816 2120 927 2182 Dixit
920 2120 1011 2201 igitur
1026 2122 1139 2195 horam,
1160 2118 1243 2202 quod
1254 2118 1340 2181 nobis
1357 2123 1431 2181 sunt
1446 2116 1519 2178 duas

184 2211 307 2285 borae3·
317 2209 396 2290 quod
410 2208 513 2272 multis
527 2208 649 2290 probari
663 2214 776 2289 potest
820 2209 891 2272 Jam
909 2210 954 2272 ait
968 2210 999 2272 in
1015 2211 1104 2273 anuis
1123 2209 1164 2271 14
1178 2209 1377 2271 intercalasse
1401 2224 1519 2269 meuses
1565 2208 1569 2217 '

185 2300 312 2382 quinque
329 2296 370 2361 29
378 2292 410 2381 Ἴ,
431 2298 546 2361 dierum
567 2304 599 2359 et
618 2305 778 2378 praeterea
798 2299 889 2361 tertio
912 2319 1026 2381 quoque
1042 2320 1121 2363 anno
1137 2305 1245 2362 exacto
1267 2297 1416 2377 adjecisse
1436 2296 1520 2369 diem

186 2389 332 2451 excedere
347 2388 426 2449 enim
441 2401 550 2450 annum
564 2406 669 2450 verum
682 2387 834 2452 Lunarem
848 2397 975 2472 quatuor
992 2383 1038 2469 (id
1054 2396 1102 2451 est
1117 2384 1154 2470 8)
1169 2387 1261 2450 horis.
1294 2387 1405 2468 Itaque
1422 2385 1521 2449 sexies

184 2477 324 2560 repetitis
338 2477 425 2541 annis
442 2476 492 2552 14,
508 2476 607 2539 sexies
623 2478 751 2560 quinque
768 2479 832 2541 dies
853 2485 1012 2541 acervatos
1027 2478 1125 2541 minus
1147 2496 1202 2540 sex
1218 2471 1264 2557 (iu
1286 2484 1336 2540 est
1352 2469 1408 2557 12)
1430 2475 1521 2549 horis,

185 2566 350 2631 confecisse
367 2585 511 2650 summam
528 2566 569 2630 29
577 2560 608 2649 Ἰ,
630 2567 757 2631 dierum:
774 2567 856 2649 cujus
866 2569 909 2632 rei
917 2569 1017 2649 gratia
1026 2568 1057 2630 in
1065 2569 1124 2630 fine
1133 2565 1312 2647 octogesimi
1321 2565 1422 2648 quarti
1434 2564 1520 2627 addi-

90 2682 92 2685 ·
185 2658 266 2722 disse
275 2675 409 2719 mensem
417 2675 515 2729 unum,
524 2656 741 2720 utsicinannis
749 2657 792 2721 84
802 2650 1122 2740 (siclegendumputo)
1133 2656 1413 2723 essentsslmenses
1423 2655 1520 2718 inter·

22 2806 24 2813 .
63 2822 71 2833 ,
185 2746 289 2810 calarii
305 2744 346 2810 29
355 2740 388 2831 Ἰ,
408 2746 531 2821 diemm,
546 2765 613 2808 cum
626 2766 697 2810 vere
715 2747 958 2811 debuerint'esse
974 2747 1016 2810 30
1030 2767 1163 2821 menses,
1184 2745 1226 2809 28
1241 2745 1306 2809 dies
1321 2742 1355 2808 et
1369 2746 1390 2809 3
1410 2739 1523 2825 (idest

185 2833 222 2919 6)
244 2836 346 2899 horae.
382 2835 494 2910 Vides,
515 2853 626 2916 magno
642 2837 769 2899 artificio
786 2837 1029 2900 accommodasse
1050 2837 1119 2899 illos
1140 2835 1340 2899 intercalandi
1365 2834 1522 2898 circuitum

185 2926 225 2988 ad
244 2944 339 2987 annos
360 2923 498 2999 Solares,
522 2932 659 2987 currente
681 2933 784 2989 tamen
803 2934 949 3008 perpetuo
966 2925 1203 2990 intercalatione
1224 2925 1283 2987 diei
1303 2933 1385 3007 post*
1397 2925 1523 2986 tertium

185 3032 304 3078 aunum.
347 3014 437 3076 Eacit
452 3014 544 3076 etiam
558 3014 740 3077 mentionem
762 3016 924 3079 additionis
941 3016 1102 3079 continuae
1121 3034 1177 3097 per
1192 3015 1293 3079 orbem
1311 3013 1351 3076 14
1368 3032 1523 3087 annorum,

112 3117 114 3122 ’
186 3103 270 3184 cujus
290 3103 397 3167 ultima
418 3121 533 3166 summa
557 3103 680 3166 deficiat
700 3104 739 3166 ab
762 3105 831 3167 anni
854 3104 970 3168 Soletis
995 3104 1188 3168 restitutione
1210 3104 1275 3167 dies
1298 3104 1318 3167 11
1340 3104 1440 3167 minus
1464 3122 1525 3165 una

182 3193 268 3256 hora
306 3190 450 3275 Sequitur
472 3200 589 3267 autem,
612 3192 638 3254 si
655 3187 718 3256 173
734 3213 853 3256 meuses
869 3195 995 3268 (saltem
1010 3202 1081 3258 ante
1105 3195 1217 3257 exitum
1232 3212 1376 3257 annorum
1391 3186 1453 3274 84)
1470 3212 1524 3255 ae-

185 3289 317 3366 quarunt
331 3282 418 3344 annis
436 3281 477 3344 14
493 3280 650 3363 Solaribus
665 3282 763 3346 minus
779 3283 806 3345 d
821 3284 851 3358 4,
870 3284 935 3347 hor.
951 3286 1002 3360 22,
1016 3285 1099 3367 ipsos
1115 3279 1136 3347 7
1150 3283 1232 3346 horis
1247 3284 1344 3347 minus
1354 3284 1442 3365 justo
1459 3283 1525 3345 col-

184 3371 298 3453 legisse
318 3371 350 3433 iu
365 3370 500 3453 quolibet
515 3371 587 3433 orbe
603 3371 711 3435 minori
733 3373 941 3437 leaenarum.
977 3375 1130 3438 Fecerunt
1145 3374 1223 3436 enim
1245 3373 1309 3435 dies
1329 3371 1411 3436 Solis
1428 3371 1526 3436 ullu

184 3462 214 3525 b.
232 3461 281 3535 10,
295 3460 399 3524 Lunae
416 3459 510 3523 5108.
525 3460 554 3523 h.
572 3461 621 3535 12,
638 3480 704 3525 cum
718 3463 833 3526 veritas
849 3483 887 3526 ex
901 3463 1072 3526 Prutenicis
1086 3463 1201 3526 babeat
1215 3461 1310 3526 5108.
1325 3463 1355 3524 h.
1366 3459 1413 3524 19.
1446 3461 1540 3523 Post‘

185 3551 250 3614 tria
260 3550 353 3630 igitur
367 3551 459 3612 κυκλα
477 3557 792 3632 τισσαρισκαιᾶικαιτη
812 3553 873 3616 iere
895 3570 984 3615 uuum
1007 3553 1084 3615 diem
1108 3551 1318 3633 anticipabant
1337 3551 1471 3624 Lunam,
1494 3558 1529 3611 et

125 3637 134 3652 ”
184 3641 216 3704 in
232 3639 290 3702 line
311 3639 492 3720 octogesimi
508 3641 607 3722 quarti
627 3637 757 3723 diemI
773 3643 802 3704 h.
821 3641 861 3705 18
877 3642 1095 3724 anticipabant.
1136 3638 1252 3712 Quodsi
1267 3641 1380 3703 mensis
1399 3640 1528 3702 ultimus

187 3736 280 3793 extra*
298 3729 432 3792 ordinem
452 3729 578 3792 habebit
600 3730 628 3792 d.
644 3730 703 3805 28,
726 3739 797 3795 tune
818 3732 953 3814 proxime
975 3730 1154 3794 medicinam
1176 3731 1304 3794 fuerunt.
1348 3730 1416 3792 Hac
1433 3729 1529 3810 igitur

186 3819 351 3884 occasione
366 3818 515 3893 iudicata,
535 3818 697 3882 verisimile
717 3820 789 3883 mihi
809 3821 884 3883 facit
903 3818 1100 3903 Epiphanius,
1114 3820 1248 3883 Iudaeos
1264 3819 1425 3901 aliquando
1443 3818 1528 3881 eele-

185 3910 292 3973 brasse
315 3909 433 3971 Lunam
453 3908 541 3983 XIV,
555 3908 610 3970 XI
627 3907 752 3974 calend.
773 3909 906 3990 Aprilis,
927 3929 1003 3991 quae
1024 3929 1096 3973 vero
1120 3910 1250 3973 cadebat
1270 3909 1301 3972 in
1321 3909 1377 3972 IX
1400 3906 1529 3973 calend

154 3994 160 4009 ‘
185 3998 312 4080 Aprilis,
332 4005 368 4061 ut
388 3999 431 4060 sic
450 3997 632 4061 resurrectio
650 3979 796 4061 caderet
787 4019 817 4062 m
832 4000 917 4062 VIII.
934 3998 999 4064 Gal.
1014 3999 1144 4080 Aprilis,
1167 4000 1330 4062 secundum
1348 3997 1530 4062 vetustissi-

112 4135 116 4146 ,
185 4087 482 4152 mamtraditiouem.
506 4083 1531 4182 Deceterocredorpsrdeaunodul76.1uactrsPrlat1inrentc,

187 4177 246 4240 etsi
262 4177 377 4240 alienos
391 4178 486 4240 habet
501 4176 647 4239 consules
717 4183 724 4189 ’

273 4267 359 4329 Haec
381 4274 413 4329 te
441 4265 669 4347 diligentissime
692 4265 830 4349 Scaliger
857 4268 948 4332 velim
976 4269 1178 4350 perpendere,
1208 4263 1240 4330 et
1268 4265 1410 4330 veritatis
1432 4285 1532 4330 eausa

187 4355 258 4438 quid
274 4375 363 4439 super
377 4356 415 4419 iis
430 4356 569 4424 rideatur
584 4356 656 4419 mihi
670 4355 752 4420 haud
766 4357 1106 4438 gravatim'rescribere.
1151 4357 1294 4420 Vicissim
1311 4376 1366 4438 ego
1382 4356 1534 4439 polliceor

186 4445 386 4526 Amplitudiui
403 4453 436 4509 et
449 4446 562 4509 Illustr.
577 4446 675 4522 Tuae,
697 4466 773 4529 quae
789 4468 808 4509 a
822 4467 869 4510 me
886 4448 942 4512 tibi
957 4455 1047 4529 grata
1061 4447 1190 4529 mihique
1205 4446 1363 4533 possibilia
1377 4446 1536 4528 proficisci

187 4541 316 4615 possunt
335 4536 442 4600 officia
472 4535 561 4599 Vale.
590 4534 691 4600 Datae
711 4536 831 4624 Pragae
845 4537 978 4604 xxm
995 4536 1137 4601 Octobris
1151 4535 1314 4600 umcvm

1112 4713 1279 4796 suspiciens
1296 4720 1329 4778 et
1344 4713 1450 4780 colens

1120 4804 1261 4871 Joossces
1273 4802 1449 4890 Kepleme.
