<?xml version="1.0" encoding="UTF-8"?>
<!DOCTYPE html PUBLIC "-//W3C//DTD XHTML 1.0 Transitional//EN"
    "http://www.w3.org/TR/xhtml1/DTD/xhtml1-transitional.dtd">
<html xmlns="http://www.w3.org/1999/xhtml" xml:lang="en" lang="en">
 <head>
  <title>
</title>
<meta http-equiv="Content-Type" content="text/html;charset=utf-8" />
  <meta name='ocr-system' content='tesseract 3.04.00' />
  <meta name='ocr-capabilities' content='ocr_page ocr_carea ocr_par ocr_line ocrx_word'/>
</head>
<body>
  <div class='ocr_page' id='page_1' title='image "./joanniskepleria13frisgoog_0589.png"; bbox 0 0 3142 5482; ppageno 0'>
   <div class='ocr_carea' id='block_1_1' title="bbox 602 203 1067 257">
    <p class='ocr_par' dir='ltr' id='par_1_1' title="bbox 602 203 1067 257">
     <span class='ocr_line' id='line_1_1' title="bbox 602 203 1067 257; baseline -0.002 0"><span class='ocrx_word' id='word_1_1' title='bbox 602 210 608 217; x_wconf 85' lang='lat'><strong><em>‘</em></strong></span> <span class='ocrx_word' id='word_1_2' title='bbox 673 204 864 257; x_wconf 66' lang='grc' dir='ltr'>Βωιιοιιιιιιιω</span> <span class='ocrx_word' id='word_1_3' title='bbox 884 203 1067 257; x_wconf 72' lang='lat' dir='ltr'><strong>smhlmedese</strong></span> 
     </span>
    </p>
   </div>
   <div class='ocr_carea' id='block_1_2' title="bbox 279 379 1569 1534">
    <p class='ocr_par' dir='ltr' id='par_1_2' title="bbox 659 379 1513 470">
     <span class='ocr_line' id='line_1_2' title="bbox 659 379 1513 470; baseline -0.002 -24"><span class='ocrx_word' id='word_1_4' title='bbox 659 386 758 465; x_wconf 86' lang='lat' dir='ltr'><strong>quam</strong></span> <span class='ocrx_word' id='word_1_5' title='bbox 787 386 823 448; x_wconf 87' lang='lat' dir='ltr'><strong>ut</strong></span> <span class='ocrx_word' id='word_1_6' title='bbox 852 389 1022 470; x_wconf 86' lang='lat' dir='ltr'><strong>concurrat</strong></span> <span class='ocrx_word' id='word_1_7' title='bbox 1052 401 1125 447; x_wconf 89' lang='lat' dir='ltr'><strong>cum</strong></span> <span class='ocrx_word' id='word_1_8' title='bbox 1153 379 1271 466; x_wconf 85' lang='lat' dir='ltr'><strong>ligura.</strong></span> <span class='ocrx_word' id='word_1_9' title='bbox 1316 379 1407 446; x_wconf 90' lang='lat' dir='ltr'><strong>Tunc</strong></span> <span class='ocrx_word' id='word_1_10' title='bbox 1431 380 1513 464; x_wconf 73' lang='lat' dir='ltr'><strong>figur</strong></span> 
     </span>
    </p>

    <p class='ocr_par' dir='ltr' id='par_1_3' title="bbox 658 469 1569 548">
     <span class='ocr_line' id='line_1_3' title="bbox 658 469 1569 548; baseline -0.009 -13"><span class='ocrx_word' id='word_1_11' title='bbox 658 471 715 535; x_wconf 86' lang='lat' dir='ltr'><strong>DE</strong></span> <span class='ocrx_word' id='word_1_12' title='bbox 737 471 855 537; x_wconf 85' lang='lat' dir='ltr'><strong>directe</strong></span> <span class='ocrx_word' id='word_1_13' title='bbox 868 471 1131 537; x_wconf 79' lang='lat' dir='ltr'><strong>circumactam</strong></span> <span class='ocrx_word' id='word_1_14' title='bbox 1153 469 1313 535; x_wconf 81' lang='lat' dir='ltr'><strong>circrssum</strong></span> <span class='ocrx_word' id='word_1_15' title='bbox 1335 469 1434 548; x_wconf 83' lang='lat' dir='ltr'>FCG,</span> <span class='ocrx_word' id='word_1_16' title='bbox 1461 491 1515 533; x_wconf 86' lang='lat' dir='ltr'><strong>cun</strong></span> <span class='ocrx_word' id='word_1_17' title='bbox 1568 524 1569 527; x_wconf 74' lang='grc'>,</span> 
     </span>
    </p>

    <p class='ocr_par' dir='ltr' id='par_1_4' title="bbox 568 557 1515 643">
     <span class='ocr_line' id='line_1_4' title="bbox 568 557 1515 643; baseline -0.001 -21"><span class='ocrx_word' id='word_1_18' title='bbox 568 599 570 604; x_wconf 55' lang='lat'>=</span> <span class='ocrx_word' id='word_1_19' title='bbox 656 557 828 627; x_wconf 86' lang='lat' dir='ltr'><strong>latitudine</strong></span> <span class='ocrx_word' id='word_1_20' title='bbox 848 581 909 626; x_wconf 89' lang='lat' dir='ltr'><strong>sua</strong></span> <span class='ocrx_word' id='word_1_21' title='bbox 930 565 1045 640; x_wconf 86' lang='lat' dir='ltr'><strong>erecta,</strong></span> <span class='ocrx_word' id='word_1_22' title='bbox 1064 565 1158 626; x_wconf 68' lang='lat' dir='ltr'><strong>&#39;creat</strong></span> <span class='ocrx_word' id='word_1_23' title='bbox 1187 558 1392 636; x_wconf 85' lang='lat' dir='ltr'><strong>annulum,</strong></span> <span class='ocrx_word' id='word_1_24' title='bbox 1416 560 1448 623; x_wconf 89' lang='lat' dir='ltr'><strong>in</strong></span> <span class='ocrx_word' id='word_1_25' title='bbox 1468 581 1515 643; x_wconf 87' lang='lat' dir='ltr'><strong>qm</strong></span> 
     </span>
    </p>

    <p class='ocr_par' dir='ltr' id='par_1_5' title="bbox 622 647 1569 733">
     <span class='ocr_line' id='line_1_5' title="bbox 622 648 1515 733; baseline 0.001 -23"><span class='ocrx_word' id='word_1_26' title='bbox 622 701 624 706; x_wconf 90' lang='lat'><em>.</em></span> <span class='ocrx_word' id='word_1_27' title='bbox 655 648 797 731; x_wconf 87' lang='lat' dir='ltr'><strong>spatium</strong></span> <span class='ocrx_word' id='word_1_28' title='bbox 834 655 884 713; x_wconf 86' lang='lat' dir='ltr'><strong>est</strong></span> <span class='ocrx_word' id='word_1_29' title='bbox 916 649 1154 728; x_wconf 87' lang='lat' dir='ltr'><strong>intermedium,</strong></span> <span class='ocrx_word' id='word_1_30' title='bbox 1196 651 1290 733; x_wconf 87' lang='lat' dir='ltr'><strong>cujus</strong></span> <span class='ocrx_word' id='word_1_31' title='bbox 1325 652 1515 712; x_wconf 68' lang='lat' dir='ltr'><strong>centrumrl</strong></span> 
     </span>
    </p>

    <p class='ocr_par' dir='ltr' id='par_1_6' title="bbox 659 735 1568 822">
     <span class='ocr_line' id='line_1_6' title="bbox 659 735 1568 822; baseline -0.001 -20"><span class='ocrx_word' id='word_1_32' title='bbox 659 736 699 802; x_wconf 91' lang='lat'><strong>11.</strong></span> <span class='ocrx_word' id='word_1_33' title='bbox 711 738 769 803; x_wconf 88' lang='lat' dir='ltr'><strong>Vel</strong></span> <span class='ocrx_word' id='word_1_34' title='bbox 790 739 895 822; x_wconf 86' lang='lat' dir='ltr'><strong>tangit</strong></span> <span class='ocrx_word' id='word_1_35' title='bbox 909 739 977 803; x_wconf 86' lang='lat' dir='ltr'><strong>exis</strong></span> <span class='ocrx_word' id='word_1_36' title='bbox 992 738 1053 803; x_wconf 87' lang='lat' dir='ltr'><strong>iste</strong></span> <span class='ocrx_word' id='word_1_37' title='bbox 1072 735 1231 821; x_wconf 62' lang='lat' dir='ltr'><strong>geneseos}</strong></span> <span class='ocrx_word' id='word_1_38' title='bbox 1258 744 1299 802; x_wconf 88' lang='lat' dir='ltr'><strong>ut</strong></span> <span class='ocrx_word' id='word_1_39' title='bbox 1315 737 1380 814; x_wconf 83' lang='lat' dir='ltr'><strong>CB,</strong></span> <span class='ocrx_word' id='word_1_40' title='bbox 1402 738 1516 820; x_wconf 82' lang='lat' dir='ltr'><strong>figuram</strong></span> <span class='ocrx_word' id='word_1_41' title='bbox 1566 783 1568 791; x_wconf 68' lang='lat'>,</span> 
     </span>
    </p>

    <p class='ocr_par' dir='ltr' id='par_1_7' title="bbox 590 812 1517 910">
     <span class='ocr_line' id='line_1_7' title="bbox 590 812 1517 910; baseline -0.005 -17"><span class='ocrx_word' id='word_1_42' title='bbox 590 812 594 838; x_wconf 72' lang='lat'><em>⁶</em></span> <span class='ocrx_word' id='word_1_43' title='bbox 658 825 715 892; x_wconf 81' lang='lat' dir='ltr'><strong>AI)</strong></span> <span class='ocrx_word' id='word_1_44' title='bbox 739 827 1023 910; x_wconf 77' lang='lat' dir='ltr'>circumagendam.</span> <span class='ocrx_word' id='word_1_45' title='bbox 1066 827 1193 909; x_wconf 85' lang='lat' dir='ltr'><strong>Tangat</strong></span> <span class='ocrx_word' id='word_1_46' title='bbox 1213 827 1248 891; x_wconf 90' lang='lat' dir='ltr'><strong>in</strong></span> <span class='ocrx_word' id='word_1_47' title='bbox 1272 828 1311 903; x_wconf 82' lang='lat' dir='ltr'><strong>A,</strong></span> <span class='ocrx_word' id='word_1_48' title='bbox 1336 834 1371 890; x_wconf 91' lang='lat' dir='ltr'><strong>et</strong></span> <span class='ocrx_word' id='word_1_49' title='bbox 1393 828 1517 890; x_wconf 85' lang='lat' dir='ltr'><strong>manente</strong></span> 
     </span>
    </p>

    <p class='ocr_par' dir='ltr' id='par_1_8' title="bbox 655 915 1568 999">
     <span class='ocr_line' id='line_1_8' title="bbox 655 915 1568 999; baseline 0 -20"><span class='ocrx_word' id='word_1_50' title='bbox 655 922 781 999; x_wconf 49' lang='lat' dir='ltr'><strong>puncto¹</strong></span> <span class='ocrx_word' id='word_1_51' title='bbox 804 915 1141 995; x_wconf 59' lang='lat' dir='ltr'><strong>circumferentiam,</strong></span> <span class='ocrx_word' id='word_1_52' title='bbox 1164 920 1256 979; x_wconf 83' lang='lat' dir='ltr'><strong>totus</strong></span> <span class='ocrx_word' id='word_1_53' title='bbox 1284 915 1429 980; x_wconf 82' lang='lat' dir='ltr'><strong>circulus</strong></span> <span class='ocrx_word' id='word_1_54' title='bbox 1448 915 1516 986; x_wconf 74' lang='lat' dir='ltr'><strong>cina</strong></span> <span class='ocrx_word' id='word_1_55' title='bbox 1567 984 1568 990; x_wconf 7' lang='grc' dir='ltr'>ἵ</span> 
     </span>
    </p>

    <p class='ocr_par' dir='ltr' id='par_1_9' title="bbox 657 1003 1568 1099">
     <span class='ocr_line' id='line_1_9' title="bbox 657 1003 1568 1099; baseline -0.002 -30"><span class='ocrx_word' id='word_1_56' title='bbox 657 1003 710 1069; x_wconf 83' lang='lat' dir='ltr'><strong>CB</strong></span> <span class='ocrx_word' id='word_1_57' title='bbox 724 1004 980 1089; x_wconf 88' lang='lat' dir='ltr'><strong>circumagatur:</strong></span> <span class='ocrx_word' id='word_1_58' title='bbox 1003 1010 1081 1070; x_wconf 89' lang='lat' dir='ltr'><strong>tunc</strong></span> <span class='ocrx_word' id='word_1_59' title='bbox 1099 1003 1223 1099; x_wconf 80' lang='lat' dir='ltr'><strong>figurae</strong></span> <span class='ocrx_word' id='word_1_60' title='bbox 1244 1004 1432 1087; x_wconf 75' lang='lat' dir='ltr'><strong>gignuntur,</strong></span> <span class='ocrx_word' id='word_1_61' title='bbox 1453 1022 1515 1085; x_wconf 76' lang='lat' dir='ltr'><strong>quas</strong></span> <span class='ocrx_word' id='word_1_62' title='bbox 1566 1084 1568 1087; x_wconf 12' lang='lat' dir='ltr'>v</span> 
     </span>
    </p>

    <p class='ocr_par' dir='ltr' id='par_1_10' title="bbox 279 1078 1518 1443">
     <span class='ocr_line' id='line_1_10' title="bbox 435 1078 1517 1248; baseline -0.006 -88"><span class='ocrx_word' id='word_1_63' title='bbox 435 1118 463 1233; x_wconf 56' lang='lat' dir='ltr'><strong>Fi·</strong></span> <span class='ocrx_word' id='word_1_64' title='bbox 511 1168 582 1233; x_wconf 67' lang='lat' dir='ltr'><strong>10OE</strong></span> <span class='ocrx_word' id='word_1_65' title='bbox 638 1094 759 1177; x_wconf 86' lang='lat' dir='ltr'><strong>·poasis</strong></span> <span class='ocrx_word' id='word_1_66' title='bbox 788 1093 954 1248; x_wconf 47' lang='lat' dir='ltr'><strong>annulos</strong></span> <span class='ocrx_word' id='word_1_67' title='bbox 984 1078 1144 1196; x_wconf 78' lang='lat' dir='ltr'><strong>strictos</strong></span> <span class='ocrx_word' id='word_1_68' title='bbox 1174 1092 1355 1245; x_wconf 52' lang='lat' dir='ltr'><strong>appgllare.</strong></span> <span class='ocrx_word' id='word_1_69' title='bbox 1401 1091 1454 1157; x_wconf 83' lang='lat'><strong>111</strong></span> <span class='ocrx_word' id='word_1_70' title='bbox 1476 1090 1517 1154; x_wconf 79' lang='lat' dir='ltr'><strong>l&#39;el</strong></span> 
     </span>
     <span class='ocr_line' id='line_1_11' title="bbox 279 1196 1517 1250; baseline -0.006 1"><span class='ocrx_word' id='word_1_71' title='bbox 279 1228 280 1234; x_wconf 24' lang='grc' dir='ltr'><strong>κ</strong></span> <span class='ocrx_word' id='word_1_72' title='bbox 465 1198 509 1250; x_wconf 64' lang='grc' dir='ltr'><strong>ι’</strong></span> <span class='ocrx_word' id='word_1_73' title='bbox 753 1220 755 1230; x_wconf 93' lang='lat'><em>·</em></span> <span class='ocrx_word' id='word_1_74' title='bbox 819 1200 892 1248; x_wconf 78' lang='lat' dir='ltr'><strong>seca</strong></span> <span class='ocrx_word' id='word_1_75' title='bbox 943 1196 1012 1248; x_wconf 76' lang='lat' dir='ltr'><strong>ans</strong></span> <span class='ocrx_word' id='word_1_76' title='bbox 1041 1211 1045 1214; x_wconf 95' lang='lat'>·</span> <span class='ocrx_word' id='word_1_77' title='bbox 1071 1201 1201 1248; x_wconf 80' lang='lat' dir='ltr'><strong>enesece</strong></span> <span class='ocrx_word' id='word_1_78' title='bbox 1329 1201 1386 1245; x_wconf 88' lang='lat' dir='ltr'><strong>am</strong></span> <span class='ocrx_word' id='word_1_79' title='bbox 1406 1201 1517 1246; x_wconf 76' lang='lat' dir='ltr'><strong>circum·</strong></span> 
     </span>
     <span class='ocr_line' id='line_1_12' title="bbox 402 1202 1518 1355; baseline -0.005 -18"><span class='ocrx_word' id='word_1_80' title='bbox 402 1298 404 1301; x_wconf 63' lang='grc'>’</span> <span class='ocrx_word' id='word_1_81' title='bbox 817 1270 973 1355; x_wconf 78' lang='lat' dir='ltr'><strong>agendam</strong></span> <span class='ocrx_word' id='word_1_82' title='bbox 1002 1203 1096 1336; x_wconf 66' lang='lat' dir='ltr'><strong>extgra</strong></span> <span class='ocrx_word' id='word_1_83' title='bbox 1125 1202 1354 1348; x_wconf 38' lang='lat' dir='ltr'><strong>memmium</strong></span> <span class='ocrx_word' id='word_1_84' title='bbox 1385 1269 1414 1334; x_wconf 87' lang='lat' dir='ltr'><strong>si</strong></span> <span class='ocrx_word' id='word_1_85' title='bbox 1433 1274 1518 1352; x_wconf 83' lang='lat' dir='ltr'><strong>majus</strong></span> 
     </span>
     <span class='ocr_line' id='line_1_13' title="bbox 816 1358 1517 1443; baseline -0.006 -20"><span class='ocrx_word' id='word_1_86' title='bbox 816 1359 929 1424; x_wconf 88' lang='lat' dir='ltr'><strong>circuli</strong></span> <span class='ocrx_word' id='word_1_87' title='bbox 940 1366 1137 1443; x_wconf 81' lang='lat' dir='ltr'><strong>segmentum</strong></span> <span class='ocrx_word' id='word_1_88' title='bbox 1149 1358 1249 1443; x_wconf 73' lang='grc' dir='ltr'><strong>ΜΒΝ</strong></span> <span class='ocrx_word' id='word_1_89' title='bbox 1262 1359 1352 1439; x_wconf 70' lang='lat' dir='ltr'><strong>circa</strong></span> <span class='ocrx_word' id='word_1_90' title='bbox 1368 1359 1517 1425; x_wconf 72' lang='lat' dir='ltr'><strong>emtionem</strong></span> 
     </span>
    </p>

    <p class='ocr_par' dir='ltr' id='par_1_11' title="bbox 816 1445 1518 1534">
     <span class='ocr_line' id='line_1_14' title="bbox 816 1445 1518 1534; baseline -0.007 -18"><span class='ocrx_word' id='word_1_91' title='bbox 816 1449 881 1516; x_wconf 87' lang='lat' dir='ltr'><strong>MN</strong></span> <span class='ocrx_word' id='word_1_92' title='bbox 896 1450 937 1515; x_wconf 89' lang='lat' dir='ltr'><strong>sit</strong></span> <span class='ocrx_word' id='word_1_93' title='bbox 953 1445 1242 1534; x_wconf 85' lang='lat' dir='ltr'><strong>circumagendum,</strong></span> <span class='ocrx_word' id='word_1_94' title='bbox 1269 1449 1319 1513; x_wconf 89' lang='lat' dir='ltr'><strong>ita</strong></span> <span class='ocrx_word' id='word_1_95' title='bbox 1332 1455 1382 1527; x_wconf 88' lang='lat' dir='ltr'><strong>ut</strong></span> <span class='ocrx_word' id='word_1_96' title='bbox 1393 1453 1518 1512; x_wconf 81' lang='lat' dir='ltr'><strong>centrum</strong></span> 
     </span>
    </p>
   </div>
   <div class='ocr_carea' id='block_1_3' title="bbox 134 2302 1519 2822">
    <p class='ocr_par' dir='ltr' id='par_1_12' title="bbox 272 2302 594 2337">
     <span class='ocr_line' id='line_1_15' title="bbox 272 2302 594 2337; baseline 0 0"><span class='ocrx_word' id='word_1_97' title='bbox 272 2329 276 2337; x_wconf 93' lang='lat'>.</span> <span class='ocrx_word' id='word_1_98' title='bbox 588 2302 594 2337; x_wconf 79' lang='lat' dir='ltr'><strong>l</strong></span> 
     </span>
    </p>

    <p class='ocr_par' dir='ltr' id='par_1_13' title="bbox 134 2374 1519 2822">
     <span class='ocr_line' id='line_1_16' title="bbox 134 2374 1516 2467; baseline -0.006 -20"><span class='ocrx_word' id='word_1_99' title='bbox 134 2435 138 2441; x_wconf 94' lang='lat'><strong><em>.</em></strong></span> <span class='ocrx_word' id='word_1_100' title='bbox 212 2379 356 2464; x_wconf 85' lang='lat' dir='ltr'><strong>FperG</strong></span> <span class='ocrx_word' id='word_1_101' title='bbox 375 2385 536 2461; x_wconf 63' lang='lat' dir='ltr'><strong>transeat*</strong></span> <span class='ocrx_word' id='word_1_102' title='bbox 550 2378 694 2465; x_wconf 74' lang='lat' dir='ltr'><strong>gignitur</strong></span> <span class='ocrx_word' id='word_1_103' title='bbox 716 2383 824 2447; x_wconf 89' lang='lat' dir='ltr'><strong>autem</strong></span> <span class='ocrx_word' id='word_1_104' title='bbox 838 2378 944 2467; x_wconf 71' lang='lat' dir='ltr'><strong>figura</strong></span> <span class='ocrx_word' id='word_1_105' title='bbox 965 2380 998 2445; x_wconf 89' lang='lat' dir='ltr'><strong>in</strong></span> <span class='ocrx_word' id='word_1_106' title='bbox 1019 2378 1144 2446; x_wconf 81' lang='lat' dir='ltr'><strong>duabus</strong></span> <span class='ocrx_word' id='word_1_107' title='bbox 1165 2374 1246 2445; x_wconf 83' lang='lat' dir='ltr'><strong>locis</strong></span> <span class='ocrx_word' id='word_1_108' title='bbox 1271 2374 1430 2460; x_wconf 80' lang='lat' dir='ltr'><strong>oppositis</strong></span> <span class='ocrx_word' id='word_1_109' title='bbox 1450 2391 1516 2439; x_wconf 75' lang='lat' dir='ltr'><strong>cara</strong></span> 
     </span>
     <span class='ocr_line' id='line_1_17' title="bbox 211 2460 1518 2558; baseline -0.008 -22"><span class='ocrx_word' id='word_1_110' title='bbox 211 2469 332 2536; x_wconf 85' lang='lat' dir='ltr'><strong>scilicet</strong></span> <span class='ocrx_word' id='word_1_111' title='bbox 354 2470 439 2536; x_wconf 86' lang='lat' dir='ltr'><strong>cirea</strong></span> <span class='ocrx_word' id='word_1_112' title='bbox 461 2470 495 2535; x_wconf 90' lang='lat' dir='ltr'>M</span> <span class='ocrx_word' id='word_1_113' title='bbox 518 2475 550 2536; x_wconf 90' lang='lat' dir='ltr'><strong>et</strong></span> <span class='ocrx_word' id='word_1_114' title='bbox 571 2470 619 2550; x_wconf 82' lang='lat' dir='ltr'><strong>N,</strong></span> <span class='ocrx_word' id='word_1_115' title='bbox 651 2487 736 2553; x_wconf 86' lang='lat' dir='ltr'><strong>quae</strong></span> <span class='ocrx_word' id='word_1_116' title='bbox 764 2469 856 2536; x_wconf 87' lang='lat' dir='ltr'><strong>mali</strong></span> <span class='ocrx_word' id='word_1_117' title='bbox 884 2468 1007 2558; x_wconf 79' lang='lat' dir='ltr'><strong>fructus</strong></span> <span class='ocrx_word' id='word_1_118' title='bbox 1035 2468 1166 2539; x_wconf 79' lang='lat' dir='ltr'><strong>urbemi</strong></span> <span class='ocrx_word' id='word_1_119' title='bbox 1180 2468 1291 2534; x_wconf 88' lang='lat' dir='ltr'><strong>forma</strong></span> <span class='ocrx_word' id='word_1_120' title='bbox 1314 2473 1377 2530; x_wconf 87' lang='lat' dir='ltr'><strong>est.</strong></span> <span class='ocrx_word' id='word_1_121' title='bbox 1415 2460 1518 2535; x_wconf 54' lang='lat' dir='ltr'><strong>ivan</strong></span> 
     </span>
     <span class='ocr_line' id='line_1_18' title="bbox 211 2552 1518 2643; baseline -0.008 -19"><span class='ocrx_word' id='word_1_122' title='bbox 211 2558 422 2641; x_wconf 75' lang='lat' dir='ltr'><strong>transituris</strong></span> <span class='ocrx_word' id='word_1_123' title='bbox 450 2578 599 2641; x_wconf 84' lang='lat' dir='ltr'><strong>geneseos</strong></span> <span class='ocrx_word' id='word_1_124' title='bbox 630 2579 689 2642; x_wconf 88' lang='lat' dir='ltr'><strong>per</strong></span> <span class='ocrx_word' id='word_1_125' title='bbox 722 2557 828 2643; x_wconf 87' lang='lat' dir='ltr'><strong>ipsum</strong></span> <span class='ocrx_word' id='word_1_126' title='bbox 856 2563 1000 2624; x_wconf 87' lang='lat' dir='ltr'><strong>centrum</strong></span> <span class='ocrx_word' id='word_1_127' title='bbox 1031 2556 1167 2641; x_wconf 86' lang='lat' dir='ltr'><strong>figurae,</strong></span> <span class='ocrx_word' id='word_1_128' title='bbox 1200 2564 1237 2623; x_wconf 88' lang='lat' dir='ltr'><strong>ut</strong></span> <span class='ocrx_word' id='word_1_129' title='bbox 1261 2554 1295 2620; x_wconf 86' lang='lat' dir='ltr'><strong>si</strong></span> <span class='ocrx_word' id='word_1_130' title='bbox 1320 2552 1518 2627; x_wconf 67' lang='lat' dir='ltr'><strong>semicirculus</strong></span> 
     </span>
     <span class='ocr_line' id='line_1_19' title="bbox 211 2643 1519 2732; baseline -0.005 -19"><span class='ocrx_word' id='word_1_131' title='bbox 211 2647 294 2713; x_wconf 85' lang='lat' dir='ltr'><strong>CDB</strong></span> <span class='ocrx_word' id='word_1_132' title='bbox 328 2646 413 2712; x_wconf 86' lang='lat' dir='ltr'><strong>circa</strong></span> <span class='ocrx_word' id='word_1_133' title='bbox 445 2654 630 2713; x_wconf 88' lang='lat' dir='ltr'><strong>manentem</strong></span> <span class='ocrx_word' id='word_1_134' title='bbox 666 2645 858 2713; x_wconf 86' lang='lat' dir='ltr'><strong>diametrum</strong></span> <span class='ocrx_word' id='word_1_135' title='bbox 874 2706 876 2711; x_wconf 24' lang='lat'><strong>⁴</strong></span> <span class='ocrx_word' id='word_1_136' title='bbox 893 2645 971 2712; x_wconf 84' lang='lat' dir='ltr'><strong>CAB</strong></span> <span class='ocrx_word' id='word_1_137' title='bbox 1010 2647 1051 2712; x_wconf 90' lang='lat' dir='ltr'><strong>sit</strong></span> <span class='ocrx_word' id='word_1_138' title='bbox 1082 2643 1371 2732; x_wconf 78' lang='lat' dir='ltr'><strong>circumagendas,</strong></span> <span class='ocrx_word' id='word_1_139' title='bbox 1401 2649 1434 2708; x_wconf 89' lang='lat' dir='ltr'><strong>et</strong></span> <span class='ocrx_word' id='word_1_140' title='bbox 1462 2649 1519 2706; x_wconf 84' lang='lat' dir='ltr'><strong>turc</strong></span> 
     </span>
     <span class='ocr_line' id='line_1_20' title="bbox 211 2732 1518 2822; baseline -0.002 -21"><span class='ocrx_word' id='word_1_141' title='bbox 211 2736 348 2822; x_wconf 84' lang='lat' dir='ltr'><strong>gignitur</strong></span> <span class='ocrx_word' id='word_1_142' title='bbox 376 2736 542 2819; x_wconf 84' lang='lat' dir='ltr'><strong>sphaera</strong></span> <span class='ocrx_word' id='word_1_143' title='bbox 571 2756 628 2818; x_wconf 87' lang='lat' dir='ltr'><strong>seu</strong></span> <span class='ocrx_word' id='word_1_144' title='bbox 657 2735 772 2818; x_wconf 87' lang='lat' dir='ltr'><strong>globu</strong></span> <span class='ocrx_word' id='word_1_145' title='bbox 820 2734 991 2822; x_wconf 70' lang='lat' dir='ltr'><strong>perfectus.</strong></span> <span class='ocrx_word' id='word_1_146' title='bbox 1036 2732 1074 2800; x_wconf 85' lang='lat' dir='ltr'><strong>V.</strong></span> <span class='ocrx_word' id='word_1_147' title='bbox 1090 2734 1148 2799; x_wconf 93' lang='lat' dir='ltr'><strong>Vel</strong></span> <span class='ocrx_word' id='word_1_148' title='bbox 1178 2734 1323 2820; x_wconf 88' lang='lat' dir='ltr'><strong>denique</strong></span> <span class='ocrx_word' id='word_1_149' title='bbox 1354 2741 1443 2799; x_wconf 87' lang='lat' dir='ltr'><strong>secat</strong></span> <span class='ocrx_word' id='word_1_150' title='bbox 1466 2733 1518 2799; x_wconf 79' lang='lat' dir='ltr'><strong>aris</strong></span> 
     </span>
    </p>
   </div>
   <div class='ocr_carea' id='block_1_4' title="bbox 210 2757 1518 3183">
    <p class='ocr_par' dir='ltr' id='par_1_14' title="bbox 210 2757 1518 3183">
     <span class='ocr_line' id='line_1_21' title="bbox 211 2757 1518 2914; baseline -0.003 -24"><span class='ocrx_word' id='word_1_151' title='bbox 211 2845 360 2910; x_wconf 86' lang='lat' dir='ltr'><strong>geneseos</strong></span> <span class='ocrx_word' id='word_1_152' title='bbox 390 2822 528 2909; x_wconf 87' lang='lat' dir='ltr'><strong>figuram</strong></span> <span class='ocrx_word' id='word_1_153' title='bbox 558 2757 835 2908; x_wconf 56' lang='lat' dir='ltr'><strong>circumagemiam</strong></span> <span class='ocrx_word' id='word_1_154' title='bbox 864 2825 951 2891; x_wconf 91' lang='lat' dir='ltr'><strong>intra</strong></span> <span class='ocrx_word' id='word_1_155' title='bbox 977 2821 1137 2906; x_wconf 80' lang='lat' dir='ltr'><strong>medium,</strong></span> <span class='ocrx_word' id='word_1_156' title='bbox 1165 2832 1208 2914; x_wconf 82' lang='lat' dir='ltr'><strong>ut¹</strong></span> <span class='ocrx_word' id='word_1_157' title='bbox 1232 2825 1263 2890; x_wconf 85' lang='lat' dir='ltr'><strong>si</strong></span> <span class='ocrx_word' id='word_1_158' title='bbox 1290 2824 1454 2891; x_wconf 89' lang='lat' dir='ltr'><strong>residuum</strong></span> <span class='ocrx_word' id='word_1_159' title='bbox 1479 2843 1518 2886; x_wconf 84' lang='lat' dir='ltr'><strong>seu</strong></span> 
     </span>
     <span class='ocr_line' id='line_1_22' title="bbox 211 2911 1517 2999; baseline -0.002 -21"><span class='ocrx_word' id='word_1_160' title='bbox 211 2914 315 2999; x_wconf 87' lang='lat' dir='ltr'><strong>minus</strong></span> <span class='ocrx_word' id='word_1_161' title='bbox 338 2920 533 2998; x_wconf 84' lang='lat' dir='ltr'><strong>segmentum</strong></span> <span class='ocrx_word' id='word_1_162' title='bbox 555 2913 636 2988; x_wconf 75' lang='lat' dir='ltr'>01)ss</span> <span class='ocrx_word' id='word_1_163' title='bbox 663 2913 704 2979; x_wconf 89' lang='lat' dir='ltr'><strong>de</strong></span> <span class='ocrx_word' id='word_1_164' title='bbox 726 2911 848 2979; x_wconf 89' lang='lat' dir='ltr'><strong>circulo</strong></span> <span class='ocrx_word' id='word_1_165' title='bbox 874 2914 917 2980; x_wconf 86' lang='lat' dir='ltr'><strong>sit</strong></span> <span class='ocrx_word' id='word_1_166' title='bbox 944 2911 1224 2996; x_wconf 66' lang='lat' dir='ltr'><strong>circumagentium</strong></span> <span class='ocrx_word' id='word_1_167' title='bbox 1249 2914 1342 2978; x_wconf 85' lang='lat' dir='ltr'><strong>circa</strong></span> <span class='ocrx_word' id='word_1_168' title='bbox 1369 2913 1517 2994; x_wconf 78' lang='lat' dir='ltr'><strong>sectiemu</strong></span> 
     </span>
     <span class='ocr_line' id='line_1_23' title="bbox 210 2998 1517 3088; baseline -0.001 -20"><span class='ocrx_word' id='word_1_169' title='bbox 210 3022 301 3070; x_wconf 88' lang='lat' dir='ltr'><strong>suam</strong></span> <span class='ocrx_word' id='word_1_170' title='bbox 323 3001 419 3068; x_wconf 74' lang='lat' dir='ltr'>GAB:</span> <span class='ocrx_word' id='word_1_171' title='bbox 452 3010 483 3069; x_wconf 92' lang='lat' dir='ltr'><strong>et</strong></span> <span class='ocrx_word' id='word_1_172' title='bbox 505 3009 582 3068; x_wconf 91' lang='lat' dir='ltr'><strong>tunc</strong></span> <span class='ocrx_word' id='word_1_173' title='bbox 603 3002 743 3086; x_wconf 77' lang='lat' dir='ltr'><strong>gignitur</strong></span> <span class='ocrx_word' id='word_1_174' title='bbox 764 2998 884 3085; x_wconf 87' lang='lat' dir='ltr'><strong>figura,</strong></span> <span class='ocrx_word' id='word_1_175' title='bbox 915 3003 948 3068; x_wconf 91' lang='lat' dir='ltr'><strong>in</strong></span> <span class='ocrx_word' id='word_1_176' title='bbox 974 3002 1051 3069; x_wconf 87' lang='lat' dir='ltr'><strong>locis</strong></span> <span class='ocrx_word' id='word_1_177' title='bbox 1080 3000 1208 3070; x_wconf 85' lang='lat' dir='ltr'><strong>duobus</strong></span> <span class='ocrx_word' id='word_1_178' title='bbox 1239 3003 1403 3088; x_wconf 83' lang='lat' dir='ltr'><strong>oppositis</strong></span> <span class='ocrx_word' id='word_1_179' title='bbox 1430 3008 1517 3078; x_wconf 67' lang='lat' dir='ltr'><strong>acuta</strong></span> 
     </span>
     <span class='ocr_line' id='line_1_24' title="bbox 211 3089 1185 3183; baseline 0.001 -26"><span class='ocrx_word' id='word_1_180' title='bbox 211 3111 310 3177; x_wconf 87' lang='lat' dir='ltr'><strong>quam</strong></span> <span class='ocrx_word' id='word_1_181' title='bbox 331 3111 353 3158; x_wconf 87' lang='lat' dir='ltr'><strong>a</strong></span> <span class='ocrx_word' id='word_1_182' title='bbox 375 3091 482 3157; x_wconf 81' lang='lat' dir='ltr'><strong>cittii</strong></span> <span class='ocrx_word' id='word_1_183' title='bbox 503 3091 598 3158; x_wconf 87' lang='lat' dir='ltr'><strong>mali</strong></span> <span class='ocrx_word' id='word_1_184' title='bbox 619 3089 723 3183; x_wconf 86' lang='lat' dir='ltr'><strong>ligura</strong></span> <span class='ocrx_word' id='word_1_185' title='bbox 743 3091 847 3176; x_wconf 83' lang='lat' dir='ltr'><strong>possis</strong></span> <span class='ocrx_word' id='word_1_186' title='bbox 869 3091 1103 3160; x_wconf 62' lang='lat' dir='ltr'><strong>denominare„</strong></span> <span class='ocrx_word' id='word_1_187' title='bbox 1181 3162 1185 3169; x_wconf 64' lang='grc'><em>,</em></span> 
     </span>
    </p>
   </div>
   <div class='ocr_carea' id='block_1_5' title="bbox 547 3220 1338 3352">
    <p class='ocr_par' dir='ltr' id='par_1_15' title="bbox 532 3220 1338 3352">
     <span class='ocr_line' id='line_1_25' title="bbox 547 3220 1338 3352; baseline 0.001 -33.981"><span class='ocrx_word' id='word_1_188' title='bbox 547 3220 595 3318; x_wconf 76' lang='lat' dir='ltr'><strong>De</strong></span> <span class='ocrx_word' id='word_1_189' title='bbox 614 3255 788 3333; x_wconf 75' lang='lat' dir='ltr'><strong>figurarum</strong></span> <span class='ocrx_word' id='word_1_190' title='bbox 805 3279 935 3319; x_wconf 88' lang='lat' dir='ltr'><strong>numero</strong></span> <span class='ocrx_word' id='word_1_191' title='bbox 954 3268 987 3318; x_wconf 90' lang='lat' dir='ltr'><strong>et</strong></span> <span class='ocrx_word' id='word_1_192' title='bbox 1004 3264 1207 3352; x_wconf 15' lang='lat' dir='ltr'><strong>differentiis-Q</strong></span> <span class='ocrx_word' id='word_1_193' title='bbox 1274 3259 1277 3266; x_wconf 83' lang='grc'><em>’</em></span> <span class='ocrx_word' id='word_1_194' title='bbox 1337 3252 1338 3255; x_wconf 34' lang='grc'><strong>“</strong></span> 
     </span>
    </p>
   </div>
   <div class='ocr_carea' id='block_1_6' title="bbox 208 3389 1568 4812">
    <p class='ocr_par' dir='ltr' id='par_1_16' title="bbox 210 3389 1519 3918">
     <span class='ocr_line' id='line_1_26' title="bbox 214 3389 1517 3484; baseline 0.003 -27"><span class='ocrx_word' id='word_1_195' title='bbox 214 3422 216 3426; x_wconf 93' lang='grc'><em>·</em></span> <span class='ocrx_word' id='word_1_196' title='bbox 300 3391 422 3476; x_wconf 77' lang='lat' dir='ltr'><strong>Quodsi</strong></span> <span class='ocrx_word' id='word_1_197' title='bbox 443 3397 510 3459; x_wconf 86' lang='lat' dir='ltr'><strong>tres</strong></span> <span class='ocrx_word' id='word_1_198' title='bbox 538 3389 661 3474; x_wconf 82' lang='lat' dir='ltr'><strong>figurae</strong></span> <span class='ocrx_word' id='word_1_199' title='bbox 682 3390 838 3475; x_wconf 86' lang='lat' dir='ltr'><strong>reliquae,</strong></span> <span class='ocrx_word' id='word_1_200' title='bbox 862 3393 1002 3458; x_wconf 88' lang='lat' dir='ltr'><strong>sectione</strong></span> <span class='ocrx_word' id='word_1_201' title='bbox 1025 3394 1095 3458; x_wconf 89' lang='lat' dir='ltr'><strong>coni</strong></span> <span class='ocrx_word' id='word_1_202' title='bbox 1117 3400 1216 3472; x_wconf 70' lang='lat' dir='ltr'><strong>ortae</strong></span> <span class='ocrx_word' id='word_1_203' title='bbox 1240 3399 1313 3458; x_wconf 87' lang='lat' dir='ltr'><strong>tam</strong></span> <span class='ocrx_word' id='word_1_204' title='bbox 1336 3398 1517 3484; x_wconf 75' lang='lat' dir='ltr'><strong>essentem·</strong></span> 
     </span>
     <span class='ocr_line' id='line_1_27' title="bbox 212 3466 1518 3589; baseline 0.002 -43"><span class='ocrx_word' id='word_1_205' title='bbox 212 3481 322 3566; x_wconf 69' lang='lat' dir='ltr'><strong>plima,</strong></span> <span class='ocrx_word' id='word_1_206' title='bbox 353 3482 453 3565; x_wconf 76' lang='lat' dir='ltr'><strong>quam</strong></span> <span class='ocrx_word' id='word_1_207' title='bbox 484 3479 636 3572; x_wconf 78' lang='lat' dir='ltr'><strong>circulum,</strong></span> <span class='ocrx_word' id='word_1_208' title='bbox 668 3480 707 3548; x_wconf 88' lang='lat' dir='ltr'><strong>de</strong></span> <span class='ocrx_word' id='word_1_209' title='bbox 728 3501 794 3564; x_wconf 90' lang='lat' dir='ltr'><strong>que</strong></span> <span class='ocrx_word' id='word_1_210' title='bbox 823 3480 990 3549; x_wconf 81' lang='lat' dir='ltr'><strong>hactenus:</strong></span> <span class='ocrx_word' id='word_1_211' title='bbox 1021 3481 1144 3565; x_wconf 80' lang='lat' dir='ltr'><strong>figurae</strong></span> <span class='ocrx_word' id='word_1_212' title='bbox 1174 3466 1374 3589; x_wconf 45' lang='lat' dir='ltr'><strong>scligffilris</strong></span> <span class='ocrx_word' id='word_1_213' title='bbox 1399 3493 1417 3552; x_wconf 82' lang='lat'>5</span> <span class='ocrx_word' id='word_1_214' title='bbox 1438 3483 1518 3550; x_wconf 68' lang='lat' dir='ltr'><strong>molt</strong></span> 
     </span>
     <span class='ocr_line' id='line_1_28' title="bbox 212 3569 1519 3665; baseline -0.001 -30"><span class='ocrx_word' id='word_1_215' title='bbox 212 3575 400 3653; x_wconf 73' lang='lat' dir='ltr'><strong>procreatae</strong></span> <span class='ocrx_word' id='word_1_216' title='bbox 427 3575 532 3655; x_wconf 86' lang='lat' dir='ltr'><strong>essent</strong></span> <span class='ocrx_word' id='word_1_217' title='bbox 548 3569 592 3634; x_wconf 55' lang='lat' dir='ltr'><strong>¹in</strong></span> <span class='ocrx_word' id='word_1_218' title='bbox 619 3569 803 3665; x_wconf 73' lang='lat' dir='ltr'><strong>universum</strong></span> <span class='ocrx_word' id='word_1_219' title='bbox 831 3573 886 3650; x_wconf 86' lang='lat'><strong>20,</strong></span> <span class='ocrx_word' id='word_1_220' title='bbox 916 3570 1101 3653; x_wconf 87' lang='lat' dir='ltr'><strong>aqualibet</strong></span> <span class='ocrx_word' id='word_1_221' title='bbox 1129 3578 1322 3651; x_wconf 55' lang='lat' dir='ltr'><strong>earums‘ut</strong></span> <span class='ocrx_word' id='word_1_222' title='bbox 1343 3573 1519 3639; x_wconf 80' lang='lat' dir='ltr'><strong>hactenuss</strong></span> 
     </span>
     <span class='ocr_line' id='line_1_29' title="bbox 212 3658 1519 3748; baseline 0.005 -26"><span class='ocrx_word' id='word_1_223' title='bbox 212 3658 341 3739; x_wconf 82' lang='lat' dir='ltr'><strong>circulo,</strong></span> <span class='ocrx_word' id='word_1_224' title='bbox 365 3659 519 3741; x_wconf 66' lang='lat' dir='ltr'><strong>quinque,</strong></span> <span class='ocrx_word' id='word_1_225' title='bbox 544 3658 894 3741; x_wconf 42' lang='lat' dir='ltr'><strong>pr01¹quinquemcdis</strong></span> <span class='ocrx_word' id='word_1_226' title='bbox 916 3659 1083 3725; x_wconf 73' lang='lat' dir='ltr'><strong>creauonis</strong></span> <span class='ocrx_word' id='word_1_227' title='bbox 1105 3659 1281 3746; x_wconf 75' lang='lat' dir='ltr'><strong>circularis.</strong></span> <span class='ocrx_word' id='word_1_228' title='bbox 1321 3659 1388 3727; x_wconf 86' lang='lat' dir='ltr'><strong>Sed</strong></span> <span class='ocrx_word' id='word_1_229' title='bbox 1410 3671 1519 3748; x_wconf 75' lang='lat' dir='ltr'><strong>propte</strong></span> 
     </span>
     <span class='ocr_line' id='line_1_30' title="bbox 210 3746 1517 3830; baseline 0.005 -18"><span class='ocrx_word' id='word_1_230' title='bbox 210 3747 562 3830; x_wconf 80' lang='lat' dir='ltr'><strong>mixtamreliquarum</strong></span> <span class='ocrx_word' id='word_1_231' title='bbox 575 3746 752 3829; x_wconf 83' lang='lat' dir='ltr'><strong>figurarum</strong></span> <span class='ocrx_word' id='word_1_232' title='bbox 773 3753 933 3830; x_wconf 81' lang='lat' dir='ltr'><strong>naturam,</strong></span> <span class='ocrx_word' id='word_1_233' title='bbox 945 3748 1125 3813; x_wconf 81' lang='lat' dir='ltr'><strong>vicenarius</strong></span> <span class='ocrx_word' id='word_1_234' title='bbox 1146 3749 1404 3823; x_wconf 83' lang='lat' dir='ltr'><strong>isteacliderum</strong></span> <span class='ocrx_word' id='word_1_235' title='bbox 1426 3769 1517 3818; x_wconf 78' lang='lat' dir='ltr'><strong>nume</strong></span> 
     </span>
     <span class='ocr_line' id='line_1_31' title="bbox 211 3834 1012 3918; baseline 0.002 -18"><span class='ocrx_word' id='word_1_236' title='bbox 211 3841 265 3901; x_wconf 83' lang='lat' dir='ltr'><strong>lus</strong></span> <span class='ocrx_word' id='word_1_237' title='bbox 288 3836 330 3901; x_wconf 88' lang='lat' dir='ltr'><strong>ad</strong></span> <span class='ocrx_word' id='word_1_238' title='bbox 353 3836 542 3918; x_wconf 74' lang='lat' dir='ltr'><strong>nonaginta·</strong></span> <span class='ocrx_word' id='word_1_239' title='bbox 552 3835 746 3901; x_wconf 82' lang='lat' dir='ltr'><strong>extenditur.</strong></span> <span class='ocrx_word' id='word_1_240' title='bbox 855 3840 864 3902; x_wconf 81' lang='grc'><strong>.’</strong></span> <span class='ocrx_word' id='word_1_241' title='bbox 1011 3834 1012 3837; x_wconf 64' lang='grc'>’</span> 
     </span>
    </p>

    <p class='ocr_par' dir='ltr' id='par_1_17' title="bbox 208 3923 1568 4812">
     <span class='ocr_line' id='line_1_32' title="bbox 302 3923 1519 4012; baseline 0.004 -23"><span class='ocrx_word' id='word_1_242' title='bbox 302 3925 384 3990; x_wconf 83' lang='lat' dir='ltr'><strong>Cum</strong></span> <span class='ocrx_word' id='word_1_243' title='bbox 405 3925 494 3989; x_wconf 89' lang='lat' dir='ltr'><strong>enim</strong></span> <span class='ocrx_word' id='word_1_244' title='bbox 520 3923 642 4008; x_wconf 89' lang='lat' dir='ltr'><strong>figurae</strong></span> <span class='ocrx_word' id='word_1_245' title='bbox 671 3931 739 3990; x_wconf 88' lang='lat' dir='ltr'><strong>tres</strong></span> <span class='ocrx_word' id='word_1_246' title='bbox 769 3924 898 4008; x_wconf 88' lang='lat' dir='ltr'><strong>proprie</strong></span> <span class='ocrx_word' id='word_1_247' title='bbox 927 3925 1033 4012; x_wconf 84' lang='lat' dir='ltr'><strong>dictae</strong></span> <span class='ocrx_word' id='word_1_248' title='bbox 1063 3925 1190 3990; x_wconf 84' lang='lat' dir='ltr'><strong>corricee</strong></span> <span class='ocrx_word' id='word_1_249' title='bbox 1219 3946 1287 3992; x_wconf 90' lang='lat' dir='ltr'><strong>non</strong></span> <span class='ocrx_word' id='word_1_250' title='bbox 1309 3928 1377 3992; x_wconf 89' lang='lat' dir='ltr'><strong>sint</strong></span> <span class='ocrx_word' id='word_1_251' title='bbox 1399 3927 1519 4010; x_wconf 77' lang='lat' dir='ltr'><strong>undiquc</strong></span> 
     </span>
     <span class='ocr_line' id='line_1_33' title="bbox 212 4012 1518 4100; baseline 0.002 -23"><span class='ocrx_word' id='word_1_252' title='bbox 212 4013 343 4078; x_wconf 87' lang='lat' dir='ltr'><strong>similes:</strong></span> <span class='ocrx_word' id='word_1_253' title='bbox 367 4012 404 4078; x_wconf 87' lang='lat' dir='ltr'><strong>fit</strong></span> <span class='ocrx_word' id='word_1_254' title='bbox 437 4019 482 4092; x_wconf 84' lang='lat' dir='ltr'><strong>ut,</strong></span> <span class='ocrx_word' id='word_1_255' title='bbox 507 4034 590 4097; x_wconf 87' lang='lat' dir='ltr'><strong>quae</strong></span> <span class='ocrx_word' id='word_1_256' title='bbox 619 4019 768 4098; x_wconf 90' lang='lat' dir='ltr'><strong>respectu</strong></span> <span class='ocrx_word' id='word_1_257' title='bbox 795 4012 908 4077; x_wconf 19' lang='lat' dir='ltr'><strong>&#39;circuli</strong></span> <span class='ocrx_word' id='word_1_258' title='bbox 929 4014 1020 4079; x_wconf 77' lang='lat' dir='ltr'><strong>runica</strong></span> <span class='ocrx_word' id='word_1_259' title='bbox 1036 4018 1084 4078; x_wconf 89' lang='lat' dir='ltr'><strong>est</strong></span> <span class='ocrx_word' id='word_1_260' title='bbox 1106 4014 1202 4094; x_wconf 83' lang='lat' dir='ltr'><strong>linea,</strong></span> <span class='ocrx_word' id='word_1_261' title='bbox 1225 4036 1287 4097; x_wconf 91' lang='lat' dir='ltr'><strong>pro</strong></span> <span class='ocrx_word' id='word_1_262' title='bbox 1311 4035 1518 4100; x_wconf 83' lang='lat' dir='ltr'><strong>aregenesecs</strong></span> 
     </span>
     <span class='ocr_line' id='line_1_34' title="bbox 211 4099 1518 4187; baseline 0 -22"><span class='ocrx_word' id='word_1_263' title='bbox 211 4108 364 4182; x_wconf 84' lang='lat' dir='ltr'><strong>assumta,</strong></span> <span class='ocrx_word' id='word_1_264' title='bbox 388 4099 537 4185; x_wconf 80' lang='lat' dir='ltr'><strong>respectu</strong></span> <span class='ocrx_word' id='word_1_265' title='bbox 555 4099 676 4167; x_wconf 80' lang='lat' dir='ltr'><strong>&#39;harum</strong></span> <span class='ocrx_word' id='word_1_266' title='bbox 697 4100 870 4184; x_wconf 83' lang='lat' dir='ltr'><strong>figurarum</strong></span> <span class='ocrx_word' id='word_1_267' title='bbox 892 4100 972 4175; x_wconf 83' lang='lat' dir='ltr'><strong>fiant</strong></span> <span class='ocrx_word' id='word_1_268' title='bbox 993 4102 1152 4182; x_wconf 83' lang='lat' dir='ltr'><strong>diversae,</strong></span> <span class='ocrx_word' id='word_1_269' title='bbox 1174 4109 1331 4187; x_wconf 88' lang='lat' dir='ltr'><strong>punctum</strong></span> <span class='ocrx_word' id='word_1_270' title='bbox 1360 4107 1395 4170; x_wconf 91' lang='lat' dir='ltr'><strong>in</strong></span> <span class='ocrx_word' id='word_1_271' title='bbox 1421 4103 1518 4170; x_wconf 65' lang='lat' dir='ltr'><strong>meula</strong></span> 
     </span>
     <span class='ocr_line' id='line_1_35' title="bbox 212 4189 1517 4274; baseline 0.005 -20"><span class='ocrx_word' id='word_1_272' title='bbox 212 4191 351 4271; x_wconf 90' lang='lat' dir='ltr'><strong>unicum,</strong></span> <span class='ocrx_word' id='word_1_273' title='bbox 374 4189 502 4256; x_wconf 80' lang='lat' dir='ltr'><strong>diversa</strong></span> <span class='ocrx_word' id='word_1_274' title='bbox 522 4197 644 4274; x_wconf 87' lang='lat' dir='ltr'><strong>puncta</strong></span> <span class='ocrx_word' id='word_1_275' title='bbox 665 4189 730 4256; x_wconf 87' lang='lat' dir='ltr'><strong>sint</strong></span> <span class='ocrx_word' id='word_1_276' title='bbox 751 4191 784 4255; x_wconf 91' lang='lat' dir='ltr'><strong>in</strong></span> <span class='ocrx_word' id='word_1_277' title='bbox 806 4191 927 4257; x_wconf 89' lang='lat' dir='ltr'><strong>ceteris.</strong></span> <span class='ocrx_word' id='word_1_278' title='bbox 960 4192 1000 4257; x_wconf 93' lang='lat' dir='ltr'><strong>In</strong></span> <span class='ocrx_word' id='word_1_279' title='bbox 1022 4191 1140 4260; x_wconf 81' lang='lat' dir='ltr'><strong>circulo</strong></span> <span class='ocrx_word' id='word_1_280' title='bbox 1156 4199 1266 4256; x_wconf 82' lang='lat' dir='ltr'><strong>vertex</strong></span> <span class='ocrx_word' id='word_1_281' title='bbox 1291 4214 1359 4258; x_wconf 92' lang='lat' dir='ltr'><strong>uno</strong></span> <span class='ocrx_word' id='word_1_282' title='bbox 1374 4201 1407 4260; x_wconf 87' lang='lat' dir='ltr'><strong>et</strong></span> <span class='ocrx_word' id='word_1_283' title='bbox 1427 4194 1517 4259; x_wconf 79' lang='lat' dir='ltr'><strong>ecdem</strong></span> 
     </span>
     <span class='ocr_line' id='line_1_36' title="bbox 211 4278 1517 4364; baseline 0.004 -21"><span class='ocrx_word' id='word_1_284' title='bbox 211 4278 306 4344; x_wconf 88' lang='lat' dir='ltr'><strong>modo</strong></span> <span class='ocrx_word' id='word_1_285' title='bbox 327 4279 444 4344; x_wconf 90' lang='lat' dir='ltr'><strong>dicitur</strong></span> <span class='ocrx_word' id='word_1_286' title='bbox 465 4286 499 4344; x_wconf 93' lang='lat' dir='ltr'><strong>et</strong></span> <span class='ocrx_word' id='word_1_287' title='bbox 528 4299 620 4345; x_wconf 89' lang='lat' dir='ltr'><strong>omne</strong></span> <span class='ocrx_word' id='word_1_288' title='bbox 651 4278 923 4344; x_wconf 75' lang='lat' dir='ltr'><strong>circumferentiae</strong></span> <span class='ocrx_word' id='word_1_289' title='bbox 951 4284 1107 4364; x_wconf 89' lang='lat' dir='ltr'><strong>punctum</strong></span> <span class='ocrx_word' id='word_1_290' title='bbox 1123 4296 1194 4362; x_wconf 79' lang='lat' dir='ltr'><strong>—pro&#39;</strong></span> <span class='ocrx_word' id='word_1_291' title='bbox 1216 4282 1339 4346; x_wconf 87' lang='lat' dir='ltr'><strong>vertice</strong></span> <span class='ocrx_word' id='word_1_292' title='bbox 1369 4284 1447 4348; x_wconf 88' lang='lat' dir='ltr'><strong>sumi</strong></span> <span class='ocrx_word' id='word_1_293' title='bbox 1472 4303 1517 4364; x_wconf 83' lang='lat' dir='ltr'><strong>pc·</strong></span> 
     </span>
     <span class='ocr_line' id='line_1_37' title="bbox 211 4366 1518 4458; baseline 0.005 -27"><span class='ocrx_word' id='word_1_294' title='bbox 211 4368 304 4447; x_wconf 84' lang='lat' dir='ltr'><strong>test3&#39;</strong></span> <span class='ocrx_word' id='word_1_295' title='bbox 323 4366 358 4436; x_wconf 88' lang='lat' dir='ltr'><strong>in</strong></span> <span class='ocrx_word' id='word_1_296' title='bbox 380 4367 494 4431; x_wconf 86' lang='lat' dir='ltr'><strong>ceteris</strong></span> <span class='ocrx_word' id='word_1_297' title='bbox 524 4372 633 4433; x_wconf 84' lang='lat' dir='ltr'><strong>vertex</strong></span> <span class='ocrx_word' id='word_1_298' title='bbox 659 4368 829 4451; x_wconf 84' lang='lat' dir='ltr'><strong>primarius</strong></span> <span class='ocrx_word' id='word_1_299' title='bbox 852 4373 902 4432; x_wconf 87' lang='lat' dir='ltr'><strong>est</strong></span> <span class='ocrx_word' id='word_1_300' title='bbox 924 4369 1049 4433; x_wconf 84' lang='lat' dir='ltr'><strong>nonnisi</strong></span> <span class='ocrx_word' id='word_1_301' title='bbox 1070 4370 1253 4434; x_wconf 83' lang='lat' dir='ltr'><strong>extremitas</strong></span> <span class='ocrx_word' id='word_1_302' title='bbox 1277 4371 1413 4458; x_wconf 83' lang='lat' dir='ltr'><strong>alicujus</strong></span> <span class='ocrx_word' id='word_1_303' title='bbox 1432 4380 1518 4437; x_wconf 72' lang='lat' dir='ltr'><strong>eece</strong></span> 
     </span>
     <span class='ocr_line' id='line_1_38' title="bbox 210 4454 1517 4543; baseline 0.003 -24"><span class='ocrx_word' id='word_1_304' title='bbox 210 4454 324 4535; x_wconf 83' lang='lat' dir='ltr'><strong>lineae,</strong></span> <span class='ocrx_word' id='word_1_305' title='bbox 363 4455 484 4520; x_wconf 86' lang='lat' dir='ltr'><strong>scilicet</strong></span> <span class='ocrx_word' id='word_1_306' title='bbox 505 4458 587 4541; x_wconf 87' lang='lat' dir='ltr'><strong>ejus,</strong></span> <span class='ocrx_word' id='word_1_307' title='bbox 626 4476 711 4540; x_wconf 88' lang='lat' dir='ltr'><strong>quae</strong></span> <span class='ocrx_word' id='word_1_308' title='bbox 737 4456 807 4521; x_wconf 85' lang='lat' dir='ltr'><strong>axis</strong></span> <span class='ocrx_word' id='word_1_309' title='bbox 843 4455 971 4543; x_wconf 85' lang='lat' dir='ltr'><strong>dicitur,</strong></span> <span class='ocrx_word' id='word_1_310' title='bbox 995 4476 1079 4540; x_wconf 85' lang='lat' dir='ltr'><strong>quae</strong></span> <span class='ocrx_word' id='word_1_311' title='bbox 1114 4462 1164 4524; x_wconf 87' lang='lat' dir='ltr'><strong>est</strong></span> <span class='ocrx_word' id='word_1_312' title='bbox 1196 4460 1229 4524; x_wconf 94' lang='lat' dir='ltr'><strong>in</strong></span> <span class='ocrx_word' id='word_1_313' title='bbox 1265 4457 1382 4542; x_wconf 83' lang='lat' dir='ltr'><strong>figuris</strong></span> <span class='ocrx_word' id='word_1_314' title='bbox 1413 4459 1517 4526; x_wconf 84' lang='lat' dir='ltr'><strong>duabus</strong></span> 
     </span>
     <span class='ocr_line' id='line_1_39' title="bbox 212 4543 1516 4631; baseline 0.005 -23"><span class='ocrx_word' id='word_1_315' title='bbox 212 4543 422 4628; x_wconf 85' lang='lat' dir='ltr'><strong>sequentibus</strong></span> <span class='ocrx_word' id='word_1_316' title='bbox 454 4544 504 4623; x_wconf 81' lang='lat' dir='ltr'><strong>GL</strong></span> <span class='ocrx_word' id='word_1_317' title='bbox 540 4546 627 4629; x_wconf 86' lang='lat' dir='ltr'><strong>cujus</strong></span> <span class='ocrx_word' id='word_1_318' title='bbox 662 4545 794 4617; x_wconf 84' lang='lat' dir='ltr'><strong>vertices</strong></span> <span class='ocrx_word' id='word_1_319' title='bbox 826 4564 847 4609; x_wconf 92' lang='lat' dir='ltr'><strong>a</strong></span> <span class='ocrx_word' id='word_1_320' title='bbox 877 4545 902 4611; x_wconf 87' lang='lat' dir='ltr'><strong>G</strong></span> <span class='ocrx_word' id='word_1_321' title='bbox 934 4545 1236 4631; x_wconf 75' lang='lat' dir='ltr'><strong>repraesentantur3</strong></span> <span class='ocrx_word' id='word_1_322' title='bbox 1267 4556 1386 4615; x_wconf 83' lang='lat' dir='ltr'><strong>contra</strong></span> <span class='ocrx_word' id='word_1_323' title='bbox 1407 4551 1516 4614; x_wconf 76' lang='lat' dir='ltr'><strong>reru&#39;ce</strong></span> 
     </span>
     <span class='ocr_line' id='line_1_40' title="bbox 208 4631 1568 4721; baseline 0.003 -25"><span class='ocrx_word' id='word_1_324' title='bbox 208 4631 326 4699; x_wconf 73' lang='lat' dir='ltr'><strong>‘latiore</strong></span> <span class='ocrx_word' id='word_1_325' title='bbox 347 4654 443 4699; x_wconf 87' lang='lat' dir='ltr'><strong>sensu</strong></span> <span class='ocrx_word' id='word_1_326' title='bbox 464 4632 597 4698; x_wconf 85' lang='lat' dir='ltr'><strong>totidem</strong></span> <span class='ocrx_word' id='word_1_327' title='bbox 618 4638 703 4721; x_wconf 78' lang='lat' dir='ltr'><strong>sunt,</strong></span> <span class='ocrx_word' id='word_1_328' title='bbox 728 4639 809 4718; x_wconf 83' lang='lat' dir='ltr'><strong>quet</strong></span> <span class='ocrx_word' id='word_1_329' title='bbox 831 4633 934 4699; x_wconf 85' lang='lat' dir='ltr'><strong>lineae</strong></span> <span class='ocrx_word' id='word_1_330' title='bbox 961 4635 995 4699; x_wconf 92' lang='lat' dir='ltr'><strong>in</strong></span> <span class='ocrx_word' id='word_1_331' title='bbox 1020 4633 1128 4719; x_wconf 85' lang='lat' dir='ltr'><strong>figura</strong></span> <span class='ocrx_word' id='word_1_332' title='bbox 1149 4656 1208 4719; x_wconf 85' lang='lat' dir='ltr'><strong>pro</strong></span> <span class='ocrx_word' id='word_1_333' title='bbox 1232 4656 1294 4703; x_wconf 84' lang='lat' dir='ltr'><strong>axe</strong></span> <span class='ocrx_word' id='word_1_334' title='bbox 1316 4658 1461 4720; x_wconf 87' lang='lat' dir='ltr'><strong>geneseos</strong></span> <span class='ocrx_word' id='word_1_335' title='bbox 1480 4633 1516 4700; x_wconf 79' lang='lat' dir='ltr'><strong>rel</strong></span> <span class='ocrx_word' id='word_1_336' title='bbox 1567 4696 1568 4699; x_wconf 74' lang='grc'>,</span> 
     </span>
     <span class='ocr_line' id='line_1_41' title="bbox 214 4720 1514 4812; baseline 0.012 -30"><span class='ocrx_word' id='word_1_337' title='bbox 214 4721 244 4782; x_wconf 91' lang='lat' dir='ltr'><strong>ei</strong></span> <span class='ocrx_word' id='word_1_338' title='bbox 264 4722 429 4803; x_wconf 82' lang='lat' dir='ltr'><strong>parallelis</strong></span> <span class='ocrx_word' id='word_1_339' title='bbox 460 4722 637 4806; x_wconf 79' lang='lat' dir='ltr'><strong>eliguntur3</strong></span> <span class='ocrx_word' id='word_1_340' title='bbox 684 4740 765 4806; x_wconf 86' lang='lat' dir='ltr'><strong>quos</strong></span> <span class='ocrx_word' id='word_1_341' title='bbox 787 4720 877 4790; x_wconf 85' lang='lat' dir='ltr'><strong>lubet</strong></span> <span class='ocrx_word' id='word_1_342' title='bbox 899 4723 1032 4791; x_wconf 81' lang='lat' dir='ltr'><strong>vertices</strong></span> <span class='ocrx_word' id='word_1_343' title='bbox 1054 4722 1425 4812; x_wconf 69' lang='lat' dir='ltr'><strong>positionis-appellare</strong></span> <span class='ocrx_word' id='word_1_344' title='bbox 1446 4725 1514 4811; x_wconf 67' lang='lat' dir='ltr'><strong>quit</strong></span> 
     </span>
    </p>
   </div>
   <div class='ocr_carea' id='block_1_7' title="bbox 0 0 1576 5482">
    <p class='ocr_par' dir='ltr' id='par_1_18' title="bbox 0 0 1576 5482">
     <span class='ocr_line' id='line_1_42' title="bbox 0 0 1576 5482; baseline 0 0"><span class='ocrx_word' id='word_1_345' title='bbox 0 0 1576 5482; x_wconf 95' lang='lat' dir='ltr'><strong> </strong></span> 
     </span>
    </p>
   </div>
  </div>
 </body>
</html>
