3144 5474
587 276 854 347 snamaaoogra
1025 365 1027 369 Α
1203 212 1208 228 ¹
1331 260 1393 329 180

44 423 150 503 tbicae
161 429 196 484 et
208 422 413 486 Arm0niacae
428 424 633 499 recensentur,
649 443 725 506 quas
740 431 856 487 certum
872 431 921 486 est
936 441 975 486 ax
989 423 1106 499 Tacito,
1127 424 1159 487 in
1173 425 1326 490 Juliauum
1341 426 1394 490 80.

43 511 91 576 81.
105 511 264 575 incidisse.
296 509 413 584 Quibus
428 511 579 593 expeditis
593 512 747 595 Josephus
761 514 893 596 Philippi
915 520 1043 577 mortem
1066 514 1234 596 subjungit,
1258 517 1344 599 quasi
1367 517 1394 580 is
1499 532 1504 543 ·

43 621 100 666 uon
115 620 201 664 anno
218 597 270 677 78,
286 602 341 665 sed
356 621 434 664 anno
451 601 567 677 81331
582 601 634 665 82.
650 603 851 682 sitmortuus.
874 630 878 645 ,
895 603 962 685 Ego
985 602 1060 666 nihil
1081 603 1140 667 nisi
1156 605 1235 687 quod
1250 606 1394 670 Vitellius

44 692 131 756 rebus
139 691 279 775 Philippi
294 691 369 756 nihil
379 690 597 768 admisceatur3
614 699 647 754 et
661 693 688 755 si
703 693 899 756 connexionis
913 693 1095 774 particulam
1111 688 1226 776 (Tam)
1242 697 1393 779 respicere

45 782 181 857 relimns,
196 800 293 864 aequo
307 789 436 844 mortem
450 781 583 863 Philippi
598 781 638 844 30
653 781 722 862 Gaji
743 783 908 864 imperium,
924 783 1009 864 cujus
1026 783 1139 847 mentio
1154 784 1304 849 lit'verbis
1319 805 1394 868 pro·

47 872 122 935 xime
138 871 365 953 superioribus,
388 891 424 949 ao
446 871 486 934 30
509 870 629 934 Vitellii
650 879 790 953 tempora
811 874 923 936 referre
946 892 1104 954 queamus,
1130 873 1210 956 quod
1232 875 1396 945 absurdum

49 962 164 1042 quidem
180 967 246 1036 est,
268 981 337 1024 cum
351 960 512 1036 Romae,
531 960 667 1042 Josepho
677 960 750 1043 ipso
765 961 878 1049 indice,
894 960 981 1043 hujus
1002 962 1153 1045 Philippi
1166 970 1264 1027 morte
1287 983 1394 1048 super·

50 1051 134 1113 berit
155 1051 283 1133 ejusque
305 1051 458 1114 ditionem
480 1050 597 1134 Syriae
619 1050 809 1135 adjunxerit.
846 1053 916 1114 Mos
932 1059 982 1114 est
995 1052 1162 1129 historicis,
1180 1053 1239 1116 hoc
1255 1055 1322 1118 loco
1337 1054 1395 1120 Jo-

51 1139 138 1222 repho
152 1148 334 1222 usurpatus,
356 1141 435 1203 addo
451 1147 484 1203 et
498 1140 607 1203 Tacito
621 1140 653 1203 iu
669 1143 767 1222 gestis
782 1141 910 1216 Vitellii,
933 1141 1021 1204 simul
1036 1143 1159 1218 referre,
1175 1162 1252 1225 quae
1267 1144 1349 1208 inter
1364 1163 1397 1207 se
1498 1166 1503 1175 ·

53 1231 221 1305 obserant,
237 1230 298 1294 etsi
313 1230 502 1312 temporibus
516 1230 580 1292 sint
594 1230 700 1293 divisa
724 1232 792 1295 Hoc
808 1232 923 1294 iactum
937 1231 1059 1313 iuquam
1073 1233 1132 1297 hoc
1146 1233 1214 1295 loco
1225 1234 1397 1316 aJosepho.

52 1319 199 1384 Versatur
215 1319 347 1384 enimin
364 1320 453 1383 rebus
475 1337 531 1401 per
545 1319 679 1383 Pilatum
694 1321 805 1403 gestis,
828 1321 883 1383 sub
898 1339 957 1403 quo
972 1321 1156 1385 Parthomm
1175 1324 1324 1387 'tumultus
1341 1343 1417 1415 err-⁸

56 1410 119 1486 orti,
141 1428 220 1492 quos
235 1409 384 1492 Vitellius
398 1409 533 1494 sedavit,
556 1409 703 1493 simulque
716 1410 850 1474 Pilatum
872 1410 1056 1493 magistratu
1071 1412 1179 1487 movit,
1201 1413 1290 1476 simul
1305 1413 1399 1476 etiem
1429 1440 1431 1442 ·

58 1518 114 1563 mm
126 1499 254 1563 Herode
270 1499 440 1562 Tetrarcha
461 1499 587 1582 negotia
600 1499 716 1563 babuit
753 1501 960 1583 importunum
976 1508 1057 1576 erat,
1072 1501 1142 1565 huic
1158 1503 1305 1566 sermonis
1322 1521 1397 1567 con-

59 1589 143 1652 textui
164 1587 351 1653 mentionem
371 1588 495 1669 injicere
518 1588 625 1651 mortis
640 1589 781 1671 Philippi.
817 1589 989 1654 Contentus
1004 1590 1098 1671 igitur
1113 1591 1171 1654 fnit
1184 1591 1348 1674 Josephus,
1372 1592 1398 1656 si

61 1679 182 1761 proxime
205 1678 371 1759 subjiceret
390 1679 471 1742 hauc
485 1678 618 1760 Philippi
640 1686 783 1755 mortem,
813 1686 953 1755 ostenso,
976 1680 1055 1762 quod
1078 1681 1159 1744 circa
1181 1680 1236 1744 illa
1259 1690 1398 1764 tempora

64 1768 226 1849 contigerit,
249 1777 282 1832 et
306 1768 445 1833 definiret
467 1774 586 1850 tempus
609 1768 797 1844 accuratius,
820 1768 924 1831 addito
941 1770 1012 1832 anui
1027 1770 1148 1834 Tiberii.
1191 1771 1332 1835 Mortuus
1349 1778 1399 1834 est

65 1859 140 1940 igitm
160 1858 322 1940 Philippus
346 1877 425 1921 anno
448 1851 499 1921 78.
521 1857 643 1921 Juliauo
667 1867 739 1921 aute
762 1859 952 1922 consulatum
971 1859 1091 1923 Vitellii
1114 1860 1145 1924 in
1169 1861 1287 1945 mediis
1300 1860 1418 1928 turbis,

66 1947 209 2024 Parthicis,
224 1948 327 2011 Pilato
342 1947 477 2010 ludaeos
500 1947 666 2030 alligante.
702 1948 899 2011 Manifestum
915 1948 1035 2030 quidem
1050 1957 1099 2012 est
1115 1969 1154 2013 ex
1168 1949 1285 2026 Tacito,
1308 1959 1398 2032 gesta

68 2037 166 2101 Vitellii
183 2033 440 2120 (quaeiosephus
456 2032 686 2118 commemorat)
703 2037 799 2101 1380.
816 2037 1029 2100 8103113333
1044 2039 1186 2114 incidere,
1202 2059 1279 2122 quac
1295 2047 1398 2104 tamen

69 2126 119 2208 ’333
132 2147 247 2210 quoque
261 2127 416 2208 Josephns
432 2127 516 2190 dicta
530 2127 568 2191 de
583 2147 676 2189 causa
690 2127 843 2208 posterius
860 2136 1082 2202 commemorat,
1098 2147 1187 2211 quam
1202 2129 1296 2192 Pilati
1311 2129 1397 2192 loco·

70 2218 220 2292 ustionem,
237 2217 375 2299 quamvis
391 2217 468 2279 haec
484 2236 563 2279 anuo
580 2215 762 2279 82.Juliano
779 2217 900 2292 accidit,
916 2218 1007 2298 paulo
1023 2226 1095 2282 ante
1106 2237 1264 2282 excessum
1276 2217 1398 2282 Tiberii.

136 2308 206 2370 Non
221 2307 343 2388 ignoro,
364 2324 419 2387 per
435 2306 513 2369 hunc
534 2306 662 2388 Josephi
685 2307 784 2369 iocum
805 2307 844 2368 30
866 2306 980 2369 Tiberii
1002 2309 1053 2370 20.
1076 2308 1169 2371 etiam
1189 2307 1273 2371 illum
1289 2324 1420 2373 anuum·

73 2396 153 2458 referri
173 2415 281 2478 posse,
304 2395 354 2477 qui
369 2396 480 2477 potiori
500 2403 589 2478 parte
605 2412 672 2458 cum
688 2397 739 2459 20.
755 2395 907 2471 coincidit,
923 2416 1033 2459 aunum
1048 2417 1154 2480 nempe
1171 2393 1399 2474 7913113333,
1445 2454 1446 2457 ,

72 2483 175 2548 Vitellio
190 2493 225 2548 et
238 2485 336 2548 Paulo
351 2484 447 2548 Fabio
463 2484 551 2549 (loss.
595 2487 676 2549 Nam
699 2486 725 2547 si
740 2481 784 2548 37
800 2485 913 2548 solidos
936 2486 1032 2548 addas
1049 2487 1088 2549 ad
1104 2487 1154 2562 42,
1179 2507 1275 2551 auuus
1291 2489 1399 2552 mortis

72 2572 180 2657 Philippi
195 2575 299 2657 prodit
316 2570 529 2638 valerianus.
558 2576 604 2638 At
620 2575 791 2658 quominus
808 2576 851 2638 sio
867 2593 1027 2652 numerem,
1042 2576 1100 2640 hoc
1115 2577 1271 2658 impedior,
1291 2597 1329 2641 ne
1345 2579 1401 2640 tiat

72 2663 227 2728 bcoustans
242 2665 420 2728 numerandi
443 2666 537 2740 ratio,
555 2664 621 2744 jam
643 2664 804 2740 inclusive,
822 2664 888 2744 jam
910 2665 1070 2728 exclusiva.
1108 2665 1144 2728 Si
1158 2678 1233 2728 vero‘
1253 2666 1400 2730 inclusive
1492 2670 1496 2677 ”

8 2822 9 2825 ¹
74 2772 219 2830 numerem,
240 2756 382 2836 utrinque
404 2755 573 2837 aequaliter
588 2771 726 2829 numero,
750 2755 837 2817 salva
851 2754 979 2834 Josephi
994 2754 1062 2831 fide,
1078 2755 1263 2837 eundemque
1278 2755 1400 2819 modum

74 2844 145 2907 31133
162 2844 195 2908 in
212 2845 305 2907 tertio
329 2851 362 2906 et
383 2852 492 2926 quarto
515 2845 653 2926 exemplo
674 2845 844 2926 comprobo.
882 2842 945 2907 Sed
960 2844 1117 2908 audiamus
1134 2844 1280 2909 etiamen
1295 2854 1399 2909 astro·

73 2935 150 2998 nomia
166 2942 384 3016 argumentum.
470 2962 489 2991 .·

10 3056 11 3072 u
138 3026 193 3089 IV.
222 3023 376 3106 Josephua
393 3021 515 3086 disertis
530 3022 632 3087 verbis
648 3030 791 3099 testatur,
803 3023 955 3086 Herodem
973 3023 1399 3107 essemortuuminterpieni-

8 3125 12 3153 1
72 3111 163 3177 lunium
185 3114 358 3195 eclipticum
373 3120 406 3177 ct
420 3103 565 3194 paschale
578 3106 614 3195 ⁹).
663 3113 802 3195 Scaliger
816 3112 932 3176 iudicat
947 3114 1072 3196 eclipsin
1098 3120 1176 3178 auno
1202 3108 1400 3190 43331333,

12 3215 13 3218 ’
72 3221 131 3285 quae
151 3204 281 3286 contigit
302 3203 382 3265 inter
403 3202 432 3264 8.
455 3202 708 3279 3191333301,
737 3204 763 3267 si
783 3202 922 3266 Julianus
946 3210 1018 3267 tunc
1043 3205 1241 3281 cucurrisset,
1266 3212 1301 3268 ut
1322 3223 1400 3268 nunc
1525 3212 1528 3216 ’

8 3285 11 3334 ῗ
71 3296 154 3357 mrrit
184 3295 253 3356 Hac
269 3292 375 3374 eclipsi
389 3292 496 3354 mirum
512 3300 657 3396 quantum
673 3294 863 3356 confirmetur
880 3292 925 3355 vir
939 3292 990 3355 ille
1007 3294 1044 3357 de
1060 3314 1188 3357 excessu
1202 3294 1343 3370 Herodis,
1365 3300 1401 3365 ut

8 3360 11 3424 1
71 3381 113 3445 133
127 3383 236 3465 fiducia
249 3381 377 3464 Josephi
392 3382 491 3448 textui
507 3382 631 3458 drserto,
647 3383 697 3465 qui
712 3402 772 3444 uon
786 3383 868 3445 ultra
883 3377 927 3445 37
942 3391 1089 3460 numerat,
1105 3383 1166 3451 rim
1182 3384 1400 3467 quodammodo

8 3511 14 3537 .
71 3472 154 3536 lucere
170 3478 307 3554 cogatur,
324 3491 397 3534 saue
414 3491 502 3553 quem
517 3472 645 3548 invitus3
669 3480 704 3535 ut
726 3472 775 3554 qui
791 3490 829 3533 ex
845 3491 878 3533 se
894 3471 961 3553 ipso
978 3492 1037 3535 uon
1052 3473 1163 3557 injuria
1179 3484 1320 3556 quaerat,
1339 3494 1400 3557 po·

8 3558 12 3644 l,
71 3565 184 3626 tueritne
198 3564 346 3645 iprrorore
361 3561 526 3643 Josepbue,
546 3583 625 3644 quoe
640 3562 750 3643 legerit
763 3561 799 3625 ia
813 3562 894 3623 ociis
907 3560 1071 3626 Herodis?
1184 3603 1186 3610 ,

8 3658 13 3700 1
141 3654 209 3734 Ego
230 3650 359 3734 primum
380 3671 474 3733 nego,
496 3652 574 3714 hauc
591 3651 718 3733 eclipsin
733 3670 823 3734 posse
841 3669 924 3714 esse:
948 3653 1045 3715 abfuit
1067 3652 1145 3716 enim
1161 3653 1258 3718 tribus
1273 3653 1402 3736 integris

72 3743 208 3805 mensibus
230 3762 248 3803 a
269 3742 426 3824 paschate.
462 3742 587 3803 Morbus
609 3761 682 3804 vero
705 3742 836 3804 Herodis
857 3748 962 3804 tantas
987 3761 1088 3807 moras
1111 3762 1172 3806 uon
1193 3744 1269 3820 fert,
1296 3742 1400 3827 utqui

8 3893 9 3898 ,
71 3833 151 3913 pridie
166 3831 297 3895 Lunarie
313 3830 435 3914 deliquii
452 3831 587 3912 jampro
602 3838 721 3894 mortuo
737 3830 942 3913 proclamatus
962 3830 993 3893 in
1008 3832 1076 3914 ipsa
1092 3832 1177 3914 regia
1192 3833 1300 3897 fuerat.
1337 3832 1401 3896 Le·
1451 3897 1453 3903 s

73 3930 146 4002 gatus
159 3921 290 3986 historia
311 3921 406 3987 totius
421 3921 528 4003 reliqui
543 3920 652 3984 morbi:
676 3928 744 3982 tota
760 3920 838 3983 euim
857 3939 918 3982 una
939 3939 1005 3984 cum
1020 3922 1207 4003 profectione
1223 3922 1402 3985 trans-Jor-

8 4064 9 4079 .
74 4010 139 4076 lana
154 4013 193 4074 ad
210 4009 384 4075 Callirhoen
407 4017 442 4074 etx
455 4028 521 4073 cum
536 4010 635 4074 reditu
650 4009 893 4086 Hierichuntem,
915 4010 966 4075 ubi
982 4011 1108 4077 offendit
1122 4012 1269 4094 primores
1283 4011 1402 4075 Judae-

74 4118 156 4178 omm,
186 4100 286 4164 edicto
309 4101 412 4164 forsan
441 4106 534 4163 autea
564 4107 764 4176 convocatos,
799 4100 895 4182 iisque
924 4099 955 4162 iu
985 4101 1215 4183 hippodromum
1244 4101 1403 4176 conclusis,

73 4201 193 4255 nonnus
217 4198 279 4267 est;
310 4197 407 4253 totum
428 4190 494 4265 hoc,
515 4190 645 4273 iuquam,
667 4191 749 4253 intra
770 4189 879 4270 viginti
900 4189 964 4251 dies
987 4191 1113 4266 includi,
1130 4191 1267 4273 'resipsa
1283 4191 1403 4254 clamat
1467 4192 1473 4203 ’

8 4285 9 4288 ’
73 4282 157 4358 hide,
171 4281 252 4364 quod
266 4277 450 4343 ι1303333333
466 4279 603 4343 seditiosi
625 4279 724 4343 socios
740 4298 811 4341 suos
827 4279 944 4361 aquilae
961 4271 1164 4355 demolitores,
1186 4280 1236 4362 qui
1252 4297 1290 4342 33
1305 4286 1403 4355 33313,

8 4428 16 4441 ,
74 4390 120 4453 qna
134 4370 245 4435 0313311
259 4368 362 4445 Luna,
382 4370 444 4433 vivi
459 4369 585 4433 cremati
600 4370 729 4444 fuerant,
751 4375 861 4432 octava
877 4369 924 4431 die
941 4390 959 4431 3
973 4376 1071 4433 morte
1086 4369 1232 4444 Herodis,
1256 4369 1354 4432 adhuc
1369 4375 1404 4432 ut

74 4480 166 4525 recens
179 4462 360 4525 interemtos
376 4460 528 4525 deflebant
543 4460 684 4541 atemplo
701 4478 761 4521 non
777 4458 914 4540 digressi,
937 4458 1013 4520 adeo
1023 4457 1238 4521 ntmeudicatu
1249 4459 1402 4534 viverent3

74 4559 100 4617 st
113 4550 136 4617 ei
150 4559 215 4616 tres
225 4549 292 4632 jam
301 4550 518 4632 menses‘lepei,
534 4549 681 4632 quomodo
696 4567 804 4611 recens
819 4547 993 4611 interemti?
1017 4548 1103 4611 Haec
1119 4547 1219 4610 omnia
1234 4567 1300 4611 cum
1316 4546 1405 4612 simul

73 4641 191 4706 affirmet
204 4641 225 4706 J
227 4639 367 4721 osephus,
382 4647 497 4705 certum
512 4647 570 4715 est,
591 4637 752 4722 deliquium
766 4637 871 4701 Lunae
887 4638 951 4700 tale
966 4635 1068 4712 fuisse,
1083 4637 1163 4718 quod
1176 4638 1314 4719 proximo
1330 4645 1403 4701 aute

10 4800 11 4803 ,
70 4733 206 4815 paschale
224 4729 389 4812 plenilunio
410 4729 547 4812 contigit
584 4727 711 4799 Gratias
726 4737 828 4791 tamen
844 4727 940 4790 debeo
956 4726 1123 4808 Scaligero,
1139 4727 1188 4809 qui
1203 4745 1250 4790 ma
1267 4728 1403 4809 exemplo

8 4827 11 4901 1
69 4822 333 4899 commonefactum
346 4820 387 4883 30
402 4819 618 4887 astronomiam
634 4817 769 4883 adduxit.
804 4817 895 4882 Auno
910 4817 1013 4899 itaquo
1028 4816 1080 4881 43.
1097 4815 1195 4900 prima
1208 4815 1313 4881 Martii
1328 4835 1402 4879 con·
1526 4903 1528 4906 Ι
