<?xml version="1.0" encoding="UTF-8"?>
<!DOCTYPE html PUBLIC "-//W3C//DTD XHTML 1.0 Transitional//EN"
    "http://www.w3.org/TR/xhtml1/DTD/xhtml1-transitional.dtd">
<html xmlns="http://www.w3.org/1999/xhtml" xml:lang="en" lang="en">
 <head>
  <title>
</title>
<meta http-equiv="Content-Type" content="text/html;charset=utf-8" />
  <meta name='ocr-system' content='tesseract 3.04.00' />
  <meta name='ocr-capabilities' content='ocr_page ocr_carea ocr_par ocr_line ocrx_word'/>
</head>
<body>
  <div class='ocr_page' id='page_1' title='image "./lta-11000/joanniskepleria13frisgoog/joanniskepleria13frisgoog_0418.png"; bbox 0 0 3134 5482; ppageno 0'>
   <div class='ocr_carea' id='block_1_1' title="bbox 119 158 1333 288">
    <p class='ocr_par' dir='ltr' id='par_1_1' title="bbox 119 158 1333 288">
     <span class='ocr_line' id='line_1_1' title="bbox 119 158 1333 288; baseline 0.026 -31"><span class='ocrx_word' id='word_1_1' title='bbox 119 158 135 191; x_wconf 37' lang='lat' dir='ltr'><strong>a</strong></span> <span class='ocrx_word' id='word_1_2' title='bbox 540 219 647 283; x_wconf 78' lang='lat' dir='ltr'><strong>Eclogae</strong></span> <span class='ocrx_word' id='word_1_3' title='bbox 668 220 812 277; x_wconf 82' lang='lat' dir='ltr'><strong>Clnoaicae.</strong></span> <span class='ocrx_word' id='word_1_4' title='bbox 1083 270 1085 278; x_wconf 81' lang='lat'>.</span> <span class='ocrx_word' id='word_1_5' title='bbox 1116 226 1142 263; x_wconf 57' lang='lat' dir='ltr'><strong>ff</strong></span> <span class='ocrx_word' id='word_1_6' title='bbox 1234 281 1236 285; x_wconf 86' lang='lat'>.</span> <span class='ocrx_word' id='word_1_7' title='bbox 1272 221 1333 288; x_wconf 73' lang='lat' dir='ltr'><strong>‹lbi›</strong></span> 
     </span>
    </p>
   </div>
   <div class='ocr_carea' id='block_1_2' title="bbox 35 389 1335 870">
    <p class='ocr_par' dir='ltr' id='par_1_2' title="bbox 35 389 1335 870">
     <span class='ocr_line' id='line_1_2' title="bbox 47 389 1334 469; baseline 0.013 -27"><span class='ocrx_word' id='word_1_8' title='bbox 47 389 265 462; x_wconf 79' lang='lat' dir='ltr'><strong>Natopollassaris,</strong></span> <span class='ocrx_word' id='word_1_9' title='bbox 295 411 345 449; x_wconf 88' lang='lat' dir='ltr'><strong>nec</strong></span> <span class='ocrx_word' id='word_1_10' title='bbox 371 396 492 451; x_wconf 85' lang='lat' dir='ltr'><strong>additum</strong></span> <span class='ocrx_word' id='word_1_11' title='bbox 512 397 595 469; x_wconf 70' lang='lat' dir='ltr'><strong>muse</strong></span> <span class='ocrx_word' id='word_1_12' title='bbox 623 401 666 456; x_wconf 81' lang='lat' dir='ltr'><strong>rel</strong></span> <span class='ocrx_word' id='word_1_13' title='bbox 686 417 785 455; x_wconf 88' lang='lat' dir='ltr'><strong>anuum</strong></span> <span class='ocrx_word' id='word_1_14' title='bbox 806 403 848 455; x_wconf 85' lang='lat' dir='ltr'><strong>vel</strong></span> <span class='ocrx_word' id='word_1_15' title='bbox 864 401 934 454; x_wconf 86' lang='lat' dir='ltr'><strong>diem</strong></span> <span class='ocrx_word' id='word_1_16' title='bbox 948 403 990 454; x_wconf 82' lang='lat' dir='ltr'><strong>rel</strong></span> <span class='ocrx_word' id='word_1_17' title='bbox 1008 402 1090 456; x_wconf 80' lang='lat' dir='ltr'><strong>etiam</strong></span> <span class='ocrx_word' id='word_1_18' title='bbox 1107 404 1201 461; x_wconf 83' lang='lat' dir='ltr'><strong>horam</strong></span> <span class='ocrx_word' id='word_1_19' title='bbox 1217 406 1334 459; x_wconf 85' lang='lat' dir='ltr'><strong>amedia</strong></span> 
     </span>
     <span class='ocr_line' id='line_1_3' title="bbox 45 473 1333 553; baseline 0.012 -30"><span class='ocrx_word' id='word_1_20' title='bbox 45 480 103 526; x_wconf 75' lang='lat' dir='ltr'><strong>noca</strong></span> <span class='ocrx_word' id='word_1_21' title='bbox 122 473 191 527; x_wconf 86' lang='lat' dir='ltr'><strong>illius</strong></span> <span class='ocrx_word' id='word_1_22' title='bbox 212 473 356 542; x_wconf 79' lang='lat' dir='ltr'><strong>eclipseos:</strong></span> <span class='ocrx_word' id='word_1_23' title='bbox 382 474 463 537; x_wconf 77' lang='lat' dir='ltr'><strong>facile</strong></span> <span class='ocrx_word' id='word_1_24' title='bbox 484 480 609 542; x_wconf 91' lang='lat' dir='ltr'><strong>concedo,</strong></span> <span class='ocrx_word' id='word_1_25' title='bbox 635 481 820 539; x_wconf 71' lang='lat' dir='ltr'>Ptolemaeum</span> <span class='ocrx_word' id='word_1_26' title='bbox 842 484 962 541; x_wconf 70' lang='lat' dir='ltr'><strong>citasse:</strong></span> <span class='ocrx_word' id='word_1_27' title='bbox 984 499 1138 553; x_wconf 79' lang='lat' dir='ltr'><strong>quanquam</strong></span> <span class='ocrx_word' id='word_1_28' title='bbox 1159 492 1251 537; x_wconf 90' lang='lat' dir='ltr'><strong>tamen</strong></span> <span class='ocrx_word' id='word_1_29' title='bbox 1271 502 1333 538; x_wconf 88' lang='lat' dir='ltr'><strong>eum</strong></span> 
     </span>
     <span class='ocr_line' id='line_1_4' title="bbox 44 551 1334 633; baseline 0.012 -31"><span class='ocrx_word' id='word_1_30' title='bbox 44 551 86 618; x_wconf 80' lang='lat' dir='ltr'><strong>ejus</strong></span> <span class='ocrx_word' id='word_1_31' title='bbox 103 553 261 622; x_wconf 65' lang='lat' dir='ltr'><strong>diligentiae</strong></span> <span class='ocrx_word' id='word_1_32' title='bbox 281 553 364 607; x_wconf 75' lang='lat' dir='ltr'><strong>titisse</strong></span> <span class='ocrx_word' id='word_1_33' title='bbox 385 563 496 620; x_wconf 88' lang='lat' dir='ltr'><strong>certum,</strong></span> <span class='ocrx_word' id='word_1_34' title='bbox 518 564 548 610; x_wconf 89' lang='lat' dir='ltr'><strong>ut</strong></span> <span class='ocrx_word' id='word_1_35' title='bbox 568 557 590 610; x_wconf 91' lang='lat' dir='ltr'><strong>si</strong></span> <span class='ocrx_word' id='word_1_36' title='bbox 611 559 823 633; x_wconf 64' lang='lat' dir='ltr'><strong>vidissetiquod</strong></span> <span class='ocrx_word' id='word_1_37' title='bbox 843 560 893 628; x_wconf 78' lang='lat' dir='ltr'><strong>ipsi</strong></span> <span class='ocrx_word' id='word_1_38' title='bbox 909 560 1065 614; x_wconf 76' lang='lat' dir='ltr'><strong>facillimum</strong></span> <span class='ocrx_word' id='word_1_39' title='bbox 1081 557 1196 625; x_wconf 85' lang='lat' dir='ltr'><strong>fuisset),</strong></span> <span class='ocrx_word' id='word_1_40' title='bbox 1217 564 1334 617; x_wconf 90' lang='lat' dir='ltr'><strong>medium</strong></span> 
     </span>
     <span class='ocr_line' id='line_1_5' title="bbox 42 630 1332 711; baseline 0.009 -29"><span class='ocrx_word' id='word_1_41' title='bbox 42 630 102 698; x_wconf 74' lang='lat' dir='ltr'><strong>hujus</strong></span> <span class='ocrx_word' id='word_1_42' title='bbox 121 633 253 702; x_wconf 81' lang='lat' dir='ltr'>eclipseos</span> <span class='ocrx_word' id='word_1_43' title='bbox 274 632 391 687; x_wconf 75' lang='lat' dir='ltr'><strong>incidere</strong></span> <span class='ocrx_word' id='word_1_44' title='bbox 411 635 439 689; x_wconf 88' lang='lat' dir='ltr'><strong>in</strong></span> <span class='ocrx_word' id='word_1_45' title='bbox 460 635 486 690; x_wconf 90' lang='lat' dir='ltr'><strong>id</strong></span> <span class='ocrx_word' id='word_1_46' title='bbox 507 643 621 706; x_wconf 79' lang='lat' dir='ltr'><strong>tenipus,</strong></span> <span class='ocrx_word' id='word_1_47' title='bbox 642 641 749 709; x_wconf 90' lang='lat' dir='ltr'><strong>quando</strong></span> <span class='ocrx_word' id='word_1_48' title='bbox 772 641 850 693; x_wconf 86' lang='lat' dir='ltr'><strong>Luna</strong></span> <span class='ocrx_word' id='word_1_49' title='bbox 870 636 985 692; x_wconf 55' lang='lat' dir='ltr'><strong>fuit&#39;sub</strong></span> <span class='ocrx_word' id='word_1_50' title='bbox 1000 641 1151 703; x_wconf 80' lang='lat' dir='ltr'><strong>horizonte,</strong></span> <span class='ocrx_word' id='word_1_51' title='bbox 1172 642 1254 696; x_wconf 89' lang='lat' dir='ltr'><strong>aliam</strong></span> <span class='ocrx_word' id='word_1_52' title='bbox 1271 661 1332 711; x_wconf 90' lang='lat' dir='ltr'><strong>pro·</strong></span> 
     </span>
     <span class='ocr_line' id='line_1_6' title="bbox 38 712 1333 792; baseline 0.009 -29"><span class='ocrx_word' id='word_1_53' title='bbox 38 713 70 764; x_wconf 86' lang='lat' dir='ltr'><strong>cul</strong></span> <span class='ocrx_word' id='word_1_54' title='bbox 86 712 164 764; x_wconf 91' lang='lat' dir='ltr'><strong>dubio</strong></span> <span class='ocrx_word' id='word_1_55' title='bbox 185 713 377 782; x_wconf 63' lang='lat' dir='ltr'><strong>quaesivissem</strong></span> <span class='ocrx_word' id='word_1_56' title='bbox 404 715 629 770; x_wconf 84' lang='lat' dir='ltr'><strong>alius-subveniri</strong></span> <span class='ocrx_word' id='word_1_57' title='bbox 648 719 735 789; x_wconf 78' lang='lat' dir='ltr'><strong>possit</strong></span> <span class='ocrx_word' id='word_1_58' title='bbox 755 721 920 781; x_wconf 75' lang='lat' dir='ltr'><strong>Ptolemaeo,</strong></span> <span class='ocrx_word' id='word_1_59' title='bbox 946 720 968 772; x_wconf 91' lang='lat' dir='ltr'><strong>si</strong></span> <span class='ocrx_word' id='word_1_60' title='bbox 990 721 1096 789; x_wconf 76' lang='lat' dir='ltr'><strong>eclipsis</strong></span> <span class='ocrx_word' id='word_1_61' title='bbox 1118 723 1333 792; x_wconf 70' lang='lat' dir='ltr'><strong>nonssabp&#39;lone</strong></span> 
     </span>
     <span class='ocr_line' id='line_1_7' title="bbox 35 790 1335 870; baseline 0.01 -28"><span class='ocrx_word' id='word_1_62' title='bbox 35 793 72 846; x_wconf 81' lang='lat' dir='ltr'><strong>ted</strong></span> <span class='ocrx_word' id='word_1_63' title='bbox 93 791 215 844; x_wconf 76' lang='lat' dir='ltr'><strong>tortamis</strong></span> <span class='ocrx_word' id='word_1_64' title='bbox 242 792 268 845; x_wconf 92' lang='lat' dir='ltr'><strong>in</strong></span> <span class='ocrx_word' id='word_1_65' title='bbox 294 793 376 863; x_wconf 79' lang='lat' dir='ltr'><strong>Syria</strong></span> <span class='ocrx_word' id='word_1_66' title='bbox 401 796 444 849; x_wconf 85' lang='lat' dir='ltr'><strong>rel</strong></span> <span class='ocrx_word' id='word_1_67' title='bbox 470 793 628 855; x_wconf 82' lang='lat' dir='ltr'><strong>Palaestina</strong></span> <span class='ocrx_word' id='word_1_68' title='bbox 646 790 704 864; x_wconf 64' lang='lat' dir='ltr'><strong>”isa</strong></span> <span class='ocrx_word' id='word_1_69' title='bbox 730 799 799 852; x_wconf 88' lang='lat' dir='ltr'><strong>enim</strong></span> <span class='ocrx_word' id='word_1_70' title='bbox 825 800 1049 868; x_wconf 86' lang='lat' dir='ltr'><strong>Nabopollassari</strong></span> <span class='ocrx_word' id='word_1_71' title='bbox 1077 801 1202 870; x_wconf 87' lang='lat' dir='ltr'><strong>subjecta</strong></span> <span class='ocrx_word' id='word_1_72' title='bbox 1227 800 1289 864; x_wconf 82' lang='lat' dir='ltr'><strong>fuit)</strong></span> <span class='ocrx_word' id='word_1_73' title='bbox 1317 820 1335 854; x_wconf 87' lang='lat' dir='ltr'><strong>a</strong></span> 
     </span>
    </p>
   </div>
   <div class='ocr_carea' id='block_1_3' title="bbox 28 871 1332 1008">
    <p class='ocr_par' dir='ltr' id='par_1_3' title="bbox 28 871 1332 1008">
     <span class='ocr_line' id='line_1_8' title="bbox 31 871 1332 951; baseline 0.009 -29"><span class='ocrx_word' id='word_1_74' title='bbox 31 871 209 939; x_wconf 72' lang='lat' dir='ltr'><strong>methematico</strong></span> <span class='ocrx_word' id='word_1_75' title='bbox 230 873 397 941; x_wconf 76' lang='lat' dir='ltr'><strong>Babylonico</strong></span> <span class='ocrx_word' id='word_1_76' title='bbox 418 876 564 930; x_wconf 78' lang='lat' dir='ltr'><strong>observata</strong></span> <span class='ocrx_word' id='word_1_77' title='bbox 583 877 686 931; x_wconf 81' lang='lat' dir='ltr'><strong>fuisset.</strong></span> <span class='ocrx_word' id='word_1_78' title='bbox 726 880 781 933; x_wconf 85' lang='lat' dir='ltr'><strong>Sed</strong></span> <span class='ocrx_word' id='word_1_79' title='bbox 802 880 871 933; x_wconf 90' lang='lat' dir='ltr'><strong>baec</strong></span> <span class='ocrx_word' id='word_1_80' title='bbox 892 897 944 933; x_wconf 92' lang='lat' dir='ltr'><strong>non</strong></span> <span class='ocrx_word' id='word_1_81' title='bbox 965 886 1048 943; x_wconf 87' lang='lat' dir='ltr'><strong>muto,</strong></span> <span class='ocrx_word' id='word_1_82' title='bbox 1069 880 1120 933; x_wconf 90' lang='lat' dir='ltr'><strong>nisi</strong></span> <span class='ocrx_word' id='word_1_83' title='bbox 1141 898 1260 951; x_wconf 85' lang='lat' dir='ltr'><strong>eaquae</strong></span> <span class='ocrx_word' id='word_1_84' title='bbox 1276 882 1332 934; x_wconf 75' lang='lat' dir='ltr'><strong>diiii</strong></span> 
     </span>
     <span class='ocr_line' id='line_1_9' title="bbox 28 952 592 1008; baseline 0.011 -5"><span class='ocrx_word' id='word_1_85' title='bbox 28 953 207 1005; x_wconf 86' lang='lat' dir='ltr'><strong>demonstrata</strong></span> <span class='ocrx_word' id='word_1_86' title='bbox 226 952 335 1008; x_wconf 81' lang='lat' dir='ltr'><strong>hrerint</strong></span> <span class='ocrx_word' id='word_1_87' title='bbox 589 967 592 972; x_wconf 74' lang='grc'><strong><em>’</em></strong></span> 
     </span>
    </p>
   </div>
   <div class='ocr_carea' id='block_1_4' title="bbox 27 1043 1419 1564">
    <p class='ocr_par' dir='ltr' id='par_1_4' title="bbox 27 1043 1419 1564">
     <span class='ocr_line' id='line_1_10' title="bbox 32 1043 1333 1137; baseline 0.009 -32"><span class='ocrx_word' id='word_1_88' title='bbox 32 1134 35 1135; x_wconf 15' lang='lat'><em>⁷</em></span> <span class='ocrx_word' id='word_1_89' title='bbox 106 1043 296 1126; x_wconf 85' lang='lat' dir='ltr'><strong>Keplerus</strong></span> <span class='ocrx_word' id='word_1_90' title='bbox 325 1053 413 1121; x_wconf 76' lang='lat' dir='ltr'><strong>(Epist</strong></span> <span class='ocrx_word' id='word_1_91' title='bbox 442 1058 518 1121; x_wconf 74' lang='lat' dir='ltr'><strong>vlt:</strong></span> <span class='ocrx_word' id='word_1_92' title='bbox 551 1050 591 1114; x_wconf 89' lang='lat' dir='ltr'><strong>D.</strong></span> <span class='ocrx_word' id='word_1_93' title='bbox 610 1051 794 1137; x_wconf 51' lang='lat' dir='ltr'><strong>¹illectans)</strong></span> <span class='ocrx_word' id='word_1_94' title='bbox 826 1072 876 1114; x_wconf 78' lang='lat' dir='ltr'><strong>nie</strong></span> <span class='ocrx_word' id='word_1_95' title='bbox 907 1052 1116 1134; x_wconf 79' lang='lat' dir='ltr'><strong>expugnarit3</strong></span> <span class='ocrx_word' id='word_1_96' title='bbox 1153 1053 1248 1117; x_wconf 84' lang='lat' dir='ltr'><strong>credo</strong></span> <span class='ocrx_word' id='word_1_97' title='bbox 1278 1053 1333 1130; x_wconf 89' lang='lat' dir='ltr'><strong>illi,</strong></span> 
     </span>
     <span class='ocr_line' id='line_1_11' title="bbox 27 1131 1334 1222; baseline 0.006 -26"><span class='ocrx_word' id='word_1_98' title='bbox 27 1131 181 1197; x_wconf 84' lang='lat' dir='ltr'><strong>Christum</strong></span> <span class='ocrx_word' id='word_1_99' title='bbox 202 1154 333 1217; x_wconf 85' lang='lat' dir='ltr'><strong>passum</strong></span> <span class='ocrx_word' id='word_1_100' title='bbox 356 1136 484 1201; x_wconf 87' lang='lat' dir='ltr'><strong>Juliano</strong></span> <span class='ocrx_word' id='word_1_101' title='bbox 508 1142 560 1204; x_wconf 64' lang='grc' dir='ltr'><strong>76ι</strong></span> <span class='ocrx_word' id='word_1_102' title='bbox 599 1139 680 1202; x_wconf 85' lang='lat' dir='ltr'><strong>Nam</strong></span> <span class='ocrx_word' id='word_1_103' title='bbox 702 1145 778 1203; x_wconf 89' lang='lat' dir='ltr'><strong>tunc</strong></span> <span class='ocrx_word' id='word_1_104' title='bbox 800 1138 942 1204; x_wconf 85' lang='lat' dir='ltr'><strong>calculus</strong></span> <span class='ocrx_word' id='word_1_105' title='bbox 961 1139 1158 1204; x_wconf 86' lang='lat' dir='ltr'><strong>Jmlaoorum</strong></span> <span class='ocrx_word' id='word_1_106' title='bbox 1174 1141 1250 1222; x_wconf 66' lang='lat' dir='ltr'><strong>&#39;iqui</strong></span> <span class='ocrx_word' id='word_1_107' title='bbox 1272 1162 1334 1204; x_wconf 91' lang='lat' dir='ltr'><strong>non</strong></span> 
     </span>
     <span class='ocr_line' id='line_1_12' title="bbox 27 1222 1334 1313; baseline 0.01 -30"><span class='ocrx_word' id='word_1_108' title='bbox 27 1222 76 1284; x_wconf 82' lang='lat' dir='ltr'><strong>bit</strong></span> <span class='ocrx_word' id='word_1_109' title='bbox 87 1222 343 1287; x_wconf 79' lang='lat' dir='ltr'><strong>Alexandrinus:</strong></span> <span class='ocrx_word' id='word_1_110' title='bbox 360 1224 440 1289; x_wconf 86' lang='lat' dir='ltr'><strong>abas</strong></span> <span class='ocrx_word' id='word_1_111' title='bbox 455 1227 738 1304; x_wconf 85' lang='lat' dir='ltr'><strong>noncelcbrassent</strong></span> <span class='ocrx_word' id='word_1_112' title='bbox 746 1229 906 1292; x_wconf 86' lang='lat' dir='ltr'><strong>interdum</strong></span> <span class='ocrx_word' id='word_1_113' title='bbox 913 1249 976 1293; x_wconf 92' lang='lat' dir='ltr'><strong>uno</strong></span> <span class='ocrx_word' id='word_1_114' title='bbox 988 1251 1072 1294; x_wconf 86' lang='lat' dir='ltr'><strong>anno</strong></span> <span class='ocrx_word' id='word_1_115' title='bbox 1088 1229 1151 1292; x_wconf 92' lang='lat' dir='ltr'><strong>duo</strong></span> <span class='ocrx_word' id='word_1_116' title='bbox 1166 1229 1334 1313; x_wconf 78' lang='lat' dir='ltr'><strong>paschata)</strong></span> 
     </span>
     <span class='ocr_line' id='line_1_13' title="bbox 27 1310 1419 1401; baseline 0.006 -29"><span class='ocrx_word' id='word_1_117' title='bbox 27 1311 204 1392; x_wconf 76' lang='lat' dir='ltr'><strong>anticipavit</strong></span> <span class='ocrx_word' id='word_1_118' title='bbox 237 1310 344 1392; x_wconf 81' lang='lat' dir='ltr'><strong>biduo,</strong></span> <span class='ocrx_word' id='word_1_119' title='bbox 371 1320 452 1378; x_wconf 87' lang='lat' dir='ltr'><strong>teste</strong></span> <span class='ocrx_word' id='word_1_120' title='bbox 473 1316 665 1399; x_wconf 86' lang='lat' dir='ltr'><strong>Epiphanio,</strong></span> <span class='ocrx_word' id='word_1_121' title='bbox 700 1321 790 1401; x_wconf 88' lang='lat' dir='ltr'><strong>cujus</strong></span> <span class='ocrx_word' id='word_1_122' title='bbox 825 1317 931 1382; x_wconf 90' lang='lat' dir='ltr'><strong>locum</strong></span> <span class='ocrx_word' id='word_1_123' title='bbox 961 1339 999 1380; x_wconf 83' lang='lat' dir='ltr'><strong>ex</strong></span> <span class='ocrx_word' id='word_1_124' title='bbox 1020 1317 1146 1381; x_wconf 80' lang='lat' dir='ltr'><strong>imeresi</strong></span> <span class='ocrx_word' id='word_1_125' title='bbox 1168 1317 1204 1381; x_wconf 87' lang='lat' dir='ltr'><strong>L.</strong></span> <span class='ocrx_word' id='word_1_126' title='bbox 1228 1325 1261 1382; x_wconf 89' lang='lat' dir='ltr'><strong>et</strong></span> <span class='ocrx_word' id='word_1_127' title='bbox 1283 1319 1334 1381; x_wconf 77' lang='lat' dir='ltr'><strong>hl</strong></span> <span class='ocrx_word' id='word_1_128' title='bbox 1416 1380 1419 1388; x_wconf 76' lang='grc'>,</span> 
     </span>
     <span class='ocr_line' id='line_1_14' title="bbox 27 1399 1333 1551; baseline 0.008 -91"><span class='ocrx_word' id='word_1_129' title='bbox 27 1419 165 1551; x_wconf 67' lang='lat' dir='ltr'><strong>euperem</strong></span> <span class='ocrx_word' id='word_1_130' title='bbox 187 1399 295 1482; x_wconf 84' lang='lat' dir='ltr'><strong>legere</strong></span> <span class='ocrx_word' id='word_1_131' title='bbox 318 1402 452 1470; x_wconf 85' lang='lat' dir='ltr'><strong>Graece.</strong></span> <span class='ocrx_word' id='word_1_132' title='bbox 498 1406 623 1489; x_wconf 80' lang='lat' dir='ltr'><strong>Pragae</strong></span> <span class='ocrx_word' id='word_1_133' title='bbox 646 1405 720 1469; x_wconf 78' lang='lat' dir='ltr'><strong>mili</strong></span> <span class='ocrx_word' id='word_1_134' title='bbox 743 1405 863 1482; x_wconf 80' lang='lat' dir='ltr'><strong>nullum</strong></span> <span class='ocrx_word' id='word_1_135' title='bbox 892 1406 1071 1489; x_wconf 88' lang='lat' dir='ltr'><strong>exemplum</strong></span> <span class='ocrx_word' id='word_1_136' title='bbox 1095 1413 1143 1471; x_wconf 85' lang='lat' dir='ltr'><strong>ost</strong></span> <span class='ocrx_word' id='word_1_137' title='bbox 1162 1408 1333 1480; x_wconf 78' lang='lat' dir='ltr'><strong>Graecum.</strong></span> 
     </span>
     <span class='ocr_line' id='line_1_15' title="bbox 27 1489 1235 1564; baseline 0.005 -14"><span class='ocrx_word' id='word_1_138' title='bbox 27 1489 105 1551; x_wconf 72' lang='lat' dir='ltr'><strong>iae.</strong></span> <span class='ocrx_word' id='word_1_139' title='bbox 131 1496 205 1560; x_wconf 69' lang='lat' dir='ltr'><strong>(aa</strong></span> <span class='ocrx_word' id='word_1_140' title='bbox 224 1514 248 1564; x_wconf 84' lang='lat' dir='ltr'><strong>p.</strong></span> <span class='ocrx_word' id='word_1_141' title='bbox 265 1499 340 1564; x_wconf 45' lang='lat'>1108.)</span> <span class='ocrx_word' id='word_1_142' title='bbox 626 1504 628 1512; x_wconf 90' lang='grc'><strong>’</strong></span> <span class='ocrx_word' id='word_1_143' title='bbox 1233 1519 1235 1522; x_wconf 90' lang='grc'><em>·</em></span> 
     </span>
    </p>
   </div>
   <div class='ocr_carea' id='block_1_5' title="bbox 27 1608 1390 4076">
    <p class='ocr_par' dir='ltr' id='par_1_5' title="bbox 27 1608 1390 4076">
     <span class='ocr_line' id='line_1_16' title="bbox 95 1608 1333 1684; baseline 0.006 -23"><span class='ocrx_word' id='word_1_144' title='bbox 95 1608 290 1680; x_wconf 77' lang='lat' dir='ltr'><strong>Calvisius</strong></span> <span class='ocrx_word' id='word_1_145' title='bbox 305 1612 394 1681; x_wconf 79' lang='lat' dir='ltr'><strong>(Epist.</strong></span> <span class='ocrx_word' id='word_1_146' title='bbox 413 1614 496 1682; x_wconf 72' lang='lat' dir='ltr'><strong>vill:</strong></span> <span class='ocrx_word' id='word_1_147' title='bbox 538 1612 638 1666; x_wconf 83' lang='lat' dir='ltr'><strong>Scribis</strong></span> <span class='ocrx_word' id='word_1_148' title='bbox 654 1616 686 1667; x_wconf 90' lang='lat' dir='ltr'><strong>D.</strong></span> <span class='ocrx_word' id='word_1_149' title='bbox 708 1621 736 1667; x_wconf 89' lang='lat' dir='ltr'><strong>te</strong></span> <span class='ocrx_word' id='word_1_150' title='bbox 757 1630 933 1684; x_wconf 79' lang='lat' dir='ltr'><strong>expugnasse</strong></span> <span class='ocrx_word' id='word_1_151' title='bbox 954 1619 1031 1667; x_wconf 86' lang='lat' dir='ltr'><strong>etto</strong></span> <span class='ocrx_word' id='word_1_152' title='bbox 1052 1615 1172 1676; x_wconf 86' lang='lat' dir='ltr'><strong>credere,</strong></span> <span class='ocrx_word' id='word_1_153' title='bbox 1194 1613 1333 1671; x_wconf 81' lang='lat' dir='ltr'><strong>Christum</strong></span> 
     </span>
     <span class='ocr_line' id='line_1_17' title="bbox 27 1691 1333 1770; baseline 0.005 -31"><span class='ocrx_word' id='word_1_154' title='bbox 27 1691 362 1770; x_wconf 26' lang='lat' dir='ltr'><strong>nassumanno&#39;luliano</strong></span> <span class='ocrx_word' id='word_1_155' title='bbox 389 1693 433 1747; x_wconf 75' lang='lat' dir='ltr'><strong>id.</strong></span> <span class='ocrx_word' id='word_1_156' title='bbox 474 1693 537 1762; x_wconf 78' lang='lat' dir='ltr'><strong>ugo</strong></span> <span class='ocrx_word' id='word_1_157' title='bbox 564 1710 625 1746; x_wconf 88' lang='lat' dir='ltr'><strong>eum</strong></span> <span class='ocrx_word' id='word_1_158' title='bbox 652 1711 703 1746; x_wconf 91' lang='lat' dir='ltr'><strong>non</strong></span> <span class='ocrx_word' id='word_1_159' title='bbox 729 1694 791 1747; x_wconf 79' lang='lat' dir='ltr'><strong>nori</strong></span> <span class='ocrx_word' id='word_1_160' title='bbox 817 1712 866 1747; x_wconf 88' lang='lat' dir='ltr'><strong>nec</strong></span> <span class='ocrx_word' id='word_1_161' title='bbox 885 1693 950 1764; x_wconf 82' lang='lat' dir='ltr'><strong>legi.</strong></span> <span class='ocrx_word' id='word_1_162' title='bbox 993 1694 1046 1748; x_wconf 85' lang='lat' dir='ltr'><strong>Sed</strong></span> <span class='ocrx_word' id='word_1_163' title='bbox 1068 1699 1158 1745; x_wconf 88' lang='lat' dir='ltr'><strong>tamen</strong></span> <span class='ocrx_word' id='word_1_164' title='bbox 1179 1692 1249 1757; x_wconf 89' lang='lat' dir='ltr'><strong>vide,</strong></span> <span class='ocrx_word' id='word_1_165' title='bbox 1270 1695 1333 1764; x_wconf 89' lang='lat' dir='ltr'><strong>qnid</strong></span> 
     </span>
     <span class='ocr_line' id='line_1_18' title="bbox 27 1768 1334 1838; baseline 0.002 -17"><span class='ocrx_word' id='word_1_166' title='bbox 27 1785 97 1838; x_wconf 65' lang='lat' dir='ltr'><strong>agas.</strong></span> <span class='ocrx_word' id='word_1_167' title='bbox 141 1768 252 1822; x_wconf 81' lang='lat' dir='ltr'><strong>Certum</strong></span> <span class='ocrx_word' id='word_1_168' title='bbox 273 1770 343 1823; x_wconf 86' lang='lat' dir='ltr'><strong>enim</strong></span> <span class='ocrx_word' id='word_1_169' title='bbox 364 1779 415 1833; x_wconf 85' lang='lat' dir='ltr'><strong>est,</strong></span> <span class='ocrx_word' id='word_1_170' title='bbox 440 1770 540 1825; x_wconf 87' lang='lat' dir='ltr'><strong>Tiberii</strong></span> <span class='ocrx_word' id='word_1_171' title='bbox 561 1788 661 1826; x_wconf 87' lang='lat' dir='ltr'><strong>annum</strong></span> <span class='ocrx_word' id='word_1_172' title='bbox 684 1775 726 1832; x_wconf 84' lang='lat'><strong>15.</strong></span> <span class='ocrx_word' id='word_1_173' title='bbox 749 1773 866 1825; x_wconf 89' lang='lat' dir='ltr'><strong>incidere</strong></span> <span class='ocrx_word' id='word_1_174' title='bbox 887 1772 913 1827; x_wconf 91' lang='lat' dir='ltr'><strong>in</strong></span> <span class='ocrx_word' id='word_1_175' title='bbox 934 1789 1034 1825; x_wconf 89' lang='lat' dir='ltr'><strong>annum</strong></span> <span class='ocrx_word' id='word_1_176' title='bbox 1054 1773 1108 1825; x_wconf 80' lang='lat' dir='ltr'><strong>dul.</strong></span> <span class='ocrx_word' id='word_1_177' title='bbox 1133 1773 1177 1826; x_wconf 74' lang='lat' dir='ltr'><strong>tu.</strong></span> <span class='ocrx_word' id='word_1_178' title='bbox 1218 1769 1334 1826; x_wconf 76' lang='lat' dir='ltr'><strong>Etiamsi</strong></span> 
     </span>
     <span class='ocr_line' id='line_1_19' title="bbox 27 1844 1336 1920; baseline 0.004 -20"><span class='ocrx_word' id='word_1_179' title='bbox 27 1864 71 1901; x_wconf 80' lang='lat' dir='ltr'><strong>am</strong></span> <span class='ocrx_word' id='word_1_180' title='bbox 93 1864 196 1901; x_wconf 77' lang='lat' dir='ltr'><strong>uinum</strong></span> <span class='ocrx_word' id='word_1_181' title='bbox 217 1849 293 1903; x_wconf 87' lang='lat' dir='ltr'><strong>illum</strong></span> <span class='ocrx_word' id='word_1_182' title='bbox 313 1865 437 1904; x_wconf 82' lang='lat' dir='ltr'><strong>numeres</strong></span> <span class='ocrx_word' id='word_1_183' title='bbox 459 1853 630 1915; x_wconf 73' lang='lat' dir='ltr'><strong>stannatio,</strong></span> <span class='ocrx_word' id='word_1_184' title='bbox 651 1844 776 1915; x_wconf 71' lang='lat' dir='ltr'><strong>ut&#39;soles{</strong></span> <span class='ocrx_word' id='word_1_185' title='bbox 797 1871 849 1905; x_wconf 91' lang='lat' dir='ltr'><strong>non</strong></span> <span class='ocrx_word' id='word_1_186' title='bbox 864 1852 1085 1912; x_wconf 64' lang='lat' dir='ltr'><strong>temerantes,</strong></span> <span class='ocrx_word' id='word_1_187' title='bbox 1101 1851 1336 1920; x_wconf 89' lang='lat' dir='ltr'><strong>primumpascha</strong></span> 
     </span>
     <span class='ocr_line' id='line_1_20' title="bbox 27 1923 1334 2004; baseline 0.002 -24"><span class='ocrx_word' id='word_1_188' title='bbox 27 1944 49 1980; x_wconf 76' lang='grc' dir='ltr'><strong>ιο</strong></span> <span class='ocrx_word' id='word_1_189' title='bbox 75 1945 150 1982; x_wconf 82' lang='lat' dir='ltr'><strong>anno</strong></span> <span class='ocrx_word' id='word_1_190' title='bbox 176 1934 238 1997; x_wconf 86' lang='lat' dir='ltr'><strong>post</strong></span> <span class='ocrx_word' id='word_1_191' title='bbox 261 1929 426 1999; x_wconf 84' lang='lat' dir='ltr'><strong>baptismum</strong></span> <span class='ocrx_word' id='word_1_192' title='bbox 452 1932 589 1986; x_wconf 68' lang='lat' dir='ltr'><strong>tendisse.</strong></span> <span class='ocrx_word' id='word_1_193' title='bbox 635 1924 754 2004; x_wconf 79' lang='lat' dir='ltr'><strong>loannes</strong></span> <span class='ocrx_word' id='word_1_194' title='bbox 775 1923 849 1989; x_wconf 71' lang='lat' dir='ltr'><strong>&#39;entim</strong></span> <span class='ocrx_word' id='word_1_195' title='bbox 875 1932 992 1985; x_wconf 82' lang='lat' dir='ltr'><strong>instituit</strong></span> <span class='ocrx_word' id='word_1_196' title='bbox 1012 1924 1175 1999; x_wconf 87' lang='lat' dir='ltr'><strong>baptismum</strong></span> <span class='ocrx_word' id='word_1_197' title='bbox 1196 1947 1266 1984; x_wconf 86' lang='lat' dir='ltr'><strong>anno</strong></span> <span class='ocrx_word' id='word_1_198' title='bbox 1291 1933 1334 1985; x_wconf 83' lang='lat' dir='ltr'><strong>lb.</strong></span> 
     </span>
     <span class='ocr_line' id='line_1_21' title="bbox 27 2008 1335 2080; baseline 0.003 -20"><span class='ocrx_word' id='word_1_199' title='bbox 27 2008 149 2063; x_wconf 66' lang='lat' dir='ltr'><strong>liberii.</strong></span> <span class='ocrx_word' id='word_1_200' title='bbox 171 2011 242 2064; x_wconf 81' lang='lat' dir='ltr'><strong>Num</strong></span> <span class='ocrx_word' id='word_1_201' title='bbox 267 2017 298 2064; x_wconf 85' lang='lat' dir='ltr'><strong>tu</strong></span> <span class='ocrx_word' id='word_1_202' title='bbox 322 2011 407 2064; x_wconf 85' lang='lat' dir='ltr'><strong>iacies</strong></span> <span class='ocrx_word' id='word_1_203' title='bbox 426 2012 579 2066; x_wconf 68' lang='lat' dir='ltr'><strong>iohannem</strong></span> <span class='ocrx_word' id='word_1_204' title='bbox 606 2012 745 2066; x_wconf 75' lang='lat' dir='ltr'><strong>instituere</strong></span> <span class='ocrx_word' id='word_1_205' title='bbox 772 2011 852 2066; x_wconf 90' lang='lat' dir='ltr'><strong>ritum</strong></span> <span class='ocrx_word' id='word_1_206' title='bbox 878 2028 984 2065; x_wconf 86' lang='lat' dir='ltr'><strong>sacrum</strong></span> <span class='ocrx_word' id='word_1_207' title='bbox 1003 2011 1148 2065; x_wconf 80' lang='lat' dir='ltr'><strong>lavationis</strong></span> <span class='ocrx_word' id='word_1_208' title='bbox 1169 2011 1288 2080; x_wconf 75' lang='lat' dir='ltr'><strong>frigidae</strong></span> <span class='ocrx_word' id='word_1_209' title='bbox 1310 2011 1335 2064; x_wconf 89' lang='lat' dir='ltr'><strong>in</strong></span> 
     </span>
     <span class='ocr_line' id='line_1_22' title="bbox 27 2087 1336 2160; baseline 0 -17"><span class='ocrx_word' id='word_1_210' title='bbox 27 2090 127 2143; x_wconf 75' lang='lat' dir='ltr'><strong>nieme?</strong></span> <span class='ocrx_word' id='word_1_211' title='bbox 152 2106 241 2143; x_wconf 75' lang='lat' dir='ltr'><strong>nouare</strong></span> <span class='ocrx_word' id='word_1_212' title='bbox 266 2090 411 2145; x_wconf 87' lang='lat' dir='ltr'><strong>ludibrium</strong></span> <span class='ocrx_word' id='word_1_213' title='bbox 436 2091 573 2144; x_wconf 79' lang='lat' dir='ltr'><strong>debuisset</strong></span> <span class='ocrx_word' id='word_1_214' title='bbox 593 2087 732 2147; x_wconf 84' lang='lat' dir='ltr'><strong>omnihus&#39;l</strong></span> <span class='ocrx_word' id='word_1_215' title='bbox 772 2093 881 2145; x_wconf 81' lang='lat' dir='ltr'><strong>Pascha</strong></span> <span class='ocrx_word' id='word_1_216' title='bbox 902 2096 993 2146; x_wconf 57' lang='lat' dir='ltr'><strong>numm</strong></span> <span class='ocrx_word' id='word_1_217' title='bbox 1013 2091 1145 2145; x_wconf 70' lang='lat' dir='ltr'><strong>‚iohannis</strong></span> <span class='ocrx_word' id='word_1_218' title='bbox 1165 2091 1282 2160; x_wconf 82' lang='lat' dir='ltr'><strong>primurn</strong></span> <span class='ocrx_word' id='word_1_219' title='bbox 1300 2093 1336 2143; x_wconf 74' lang='lat' dir='ltr'><strong>al</strong></span> 
     </span>
     <span class='ocr_line' id='line_1_23' title="bbox 27 2162 1363 2239; baseline 0.002 -19"><span class='ocrx_word' id='word_1_220' title='bbox 27 2169 158 2221; x_wconf 89' lang='lat' dir='ltr'><strong>ninimum</strong></span> <span class='ocrx_word' id='word_1_221' title='bbox 179 2171 253 2223; x_wconf 89' lang='lat' dir='ltr'><strong>ultra</strong></span> <span class='ocrx_word' id='word_1_222' title='bbox 272 2171 339 2237; x_wconf 85' lang='lat' dir='ltr'><strong>duos</strong></span> <span class='ocrx_word' id='word_1_223' title='bbox 359 2173 403 2225; x_wconf 75' lang='lat' dir='ltr'><strong>vel</strong></span> <span class='ocrx_word' id='word_1_224' title='bbox 424 2178 480 2225; x_wconf 84' lang='lat' dir='ltr'><strong>tres</strong></span> <span class='ocrx_word' id='word_1_225' title='bbox 500 2188 604 2224; x_wconf 85' lang='lat' dir='ltr'><strong>menses</strong></span> <span class='ocrx_word' id='word_1_226' title='bbox 626 2171 909 2239; x_wconf 86' lang='lat' dir='ltr'><strong>baptismumChristi</strong></span> <span class='ocrx_word' id='word_1_227' title='bbox 930 2162 1052 2226; x_wconf 85' lang='lat' dir='ltr'><strong>secutum</strong></span> <span class='ocrx_word' id='word_1_228' title='bbox 1073 2179 1124 2224; x_wconf 86' lang='lat' dir='ltr'><strong>est.</strong></span> <span class='ocrx_word' id='word_1_229' title='bbox 1153 2171 1270 2225; x_wconf 78' lang='lat' dir='ltr'><strong>Necesse</strong></span> <span class='ocrx_word' id='word_1_230' title='bbox 1293 2177 1335 2223; x_wconf 82' lang='lat' dir='ltr'><strong>est</strong></span> <span class='ocrx_word' id='word_1_231' title='bbox 1362 2180 1363 2183; x_wconf 77' lang='grc'>’</span> 
     </span>
     <span class='ocr_line' id='line_1_24' title="bbox 27 2249 1335 2321; baseline -0.001 -19"><span class='ocrx_word' id='word_1_232' title='bbox 27 2266 97 2319; x_wconf 74' lang='lat' dir='ltr'><strong>ergo.</strong></span> <span class='ocrx_word' id='word_1_233' title='bbox 120 2256 151 2301; x_wconf 91' lang='lat' dir='ltr'><strong>ut</strong></span> <span class='ocrx_word' id='word_1_234' title='bbox 172 2256 236 2302; x_wconf 88' lang='lat' dir='ltr'><strong>ante</strong></span> <span class='ocrx_word' id='word_1_235' title='bbox 257 2249 372 2304; x_wconf 86' lang='lat' dir='ltr'><strong>hiemem</strong></span> <span class='ocrx_word' id='word_1_236' title='bbox 391 2250 438 2304; x_wconf 91' lang='lat' dir='ltr'><strong>ille</strong></span> <span class='ocrx_word' id='word_1_237' title='bbox 458 2251 526 2304; x_wconf 88' lang='lat' dir='ltr'><strong>ritus</strong></span> <span class='ocrx_word' id='word_1_238' title='bbox 541 2251 679 2304; x_wconf 84' lang='lat' dir='ltr'><strong>institutus</strong></span> <span class='ocrx_word' id='word_1_239' title='bbox 694 2251 737 2304; x_wconf 90' lang='lat' dir='ltr'><strong>sit.</strong></span> <span class='ocrx_word' id='word_1_240' title='bbox 763 2252 792 2305; x_wconf 89' lang='lat' dir='ltr'><strong>Si</strong></span> <span class='ocrx_word' id='word_1_241' title='bbox 808 2252 898 2314; x_wconf 87' lang='lat' dir='ltr'><strong>infers,</strong></span> <span class='ocrx_word' id='word_1_242' title='bbox 913 2259 1007 2321; x_wconf 85' lang='lat' dir='ltr'><strong>patres</strong></span> <span class='ocrx_word' id='word_1_243' title='bbox 1022 2251 1150 2304; x_wconf 81' lang='lat' dir='ltr'><strong>statuisse</strong></span> <span class='ocrx_word' id='word_1_244' title='bbox 1166 2251 1191 2304; x_wconf 87' lang='lat'><strong>6.</strong></span> <span class='ocrx_word' id='word_1_245' title='bbox 1202 2250 1335 2314; x_wconf 77' lang='lat' dir='ltr'><strong>Jmiuarii,</strong></span> 
     </span>
     <span class='ocr_line' id='line_1_25' title="bbox 27 2330 1335 2400; baseline 0 -18"><span class='ocrx_word' id='word_1_246' title='bbox 27 2347 72 2382; x_wconf 82' lang='lat' dir='ltr'><strong>ron</strong></span> <span class='ocrx_word' id='word_1_247' title='bbox 93 2330 166 2380; x_wconf 66' lang='lat' dir='ltr'><strong>adeo</strong></span> <span class='ocrx_word' id='word_1_248' title='bbox 186 2331 368 2400; x_wconf 61' lang='lat' dir='ltr'><strong>repugnub03,</strong></span> <span class='ocrx_word' id='word_1_249' title='bbox 381 2331 449 2383; x_wconf 90' lang='lat' dir='ltr'><strong>ritus</strong></span> <span class='ocrx_word' id='word_1_250' title='bbox 464 2330 495 2391; x_wconf 88' lang='lat' dir='ltr'><strong>is,</strong></span> <span class='ocrx_word' id='word_1_251' title='bbox 516 2331 654 2383; x_wconf 88' lang='lat' dir='ltr'><strong>institutus</strong></span> <span class='ocrx_word' id='word_1_252' title='bbox 669 2338 790 2399; x_wconf 89' lang='lat' dir='ltr'><strong>tempore</strong></span> <span class='ocrx_word' id='word_1_253' title='bbox 806 2331 983 2392; x_wconf 77' lang='lat' dir='ltr'><strong>convenienti,</strong></span> <span class='ocrx_word' id='word_1_254' title='bbox 1003 2338 1116 2399; x_wconf 89' lang='lat' dir='ltr'><strong>propter</strong></span> <span class='ocrx_word' id='word_1_255' title='bbox 1130 2332 1228 2383; x_wconf 88' lang='lat' dir='ltr'><strong>multas</strong></span> <span class='ocrx_word' id='word_1_256' title='bbox 1239 2342 1335 2383; x_wconf 87' lang='lat' dir='ltr'><strong>causas</strong></span> 
     </span>
     <span class='ocr_line' id='line_1_26' title="bbox 27 2405 1335 2481; baseline -0.001 -20"><span class='ocrx_word' id='word_1_257' title='bbox 27 2412 122 2462; x_wconf 88' lang='lat' dir='ltr'><strong>iurare</strong></span> <span class='ocrx_word' id='word_1_258' title='bbox 151 2408 241 2477; x_wconf 90' lang='lat' dir='ltr'><strong>potuit</strong></span> <span class='ocrx_word' id='word_1_259' title='bbox 271 2425 356 2480; x_wconf 87' lang='lat' dir='ltr'><strong>usque</strong></span> <span class='ocrx_word' id='word_1_260' title='bbox 386 2412 421 2463; x_wconf 86' lang='lat' dir='ltr'><strong>ad</strong></span> <span class='ocrx_word' id='word_1_261' title='bbox 450 2411 536 2463; x_wconf 88' lang='lat' dir='ltr'><strong>minus</strong></span> <span class='ocrx_word' id='word_1_262' title='bbox 566 2410 735 2481; x_wconf 70' lang='lat' dir='ltr'><strong>conveniens</strong></span> <span class='ocrx_word' id='word_1_263' title='bbox 781 2411 853 2469; x_wconf 85' lang='lat' dir='ltr'><strong>Sunt</strong></span> <span class='ocrx_word' id='word_1_264' title='bbox 882 2405 973 2463; x_wconf 83' lang='lat' dir='ltr'><strong>autem</strong></span> <span class='ocrx_word' id='word_1_265' title='bbox 1004 2410 1029 2462; x_wconf 91' lang='lat' dir='ltr'><strong>in</strong></span> <span class='ocrx_word' id='word_1_266' title='bbox 1059 2409 1205 2462; x_wconf 83' lang='lat' dir='ltr'><strong>ministerio</strong></span> <span class='ocrx_word' id='word_1_267' title='bbox 1236 2408 1335 2473; x_wconf 80' lang='lat' dir='ltr'><strong>Christi</strong></span> 
     </span>
     <span class='ocr_line' id='line_1_27' title="bbox 27 2487 1334 2561; baseline -0.001 -20"><span class='ocrx_word' id='word_1_268' title='bbox 27 2487 157 2557; x_wconf 59' lang='lat' dir='ltr'><strong>expressa</strong></span> <span class='ocrx_word' id='word_1_269' title='bbox 178 2496 294 2557; x_wconf 83' lang='lat' dir='ltr'><strong>quatuor</strong></span> <span class='ocrx_word' id='word_1_270' title='bbox 314 2490 448 2558; x_wconf 83' lang='lat' dir='ltr'><strong>paschata</strong></span> <span class='ocrx_word' id='word_1_271' title='bbox 468 2492 511 2544; x_wconf 85' lang='lat' dir='ltr'><strong>rel</strong></span> <span class='ocrx_word' id='word_1_272' title='bbox 533 2491 621 2543; x_wconf 86' lang='lat' dir='ltr'><strong>etiam·</strong></span> <span class='ocrx_word' id='word_1_273' title='bbox 635 2491 760 2561; x_wconf 86' lang='lat' dir='ltr'><strong>quinque,</strong></span> <span class='ocrx_word' id='word_1_274' title='bbox 782 2491 803 2543; x_wconf 84' lang='lat' dir='ltr'><strong>si</strong></span> <span class='ocrx_word' id='word_1_275' title='bbox 825 2498 979 2542; x_wconf 76' lang='lat' dir='ltr'><strong>assentatur</strong></span> <span class='ocrx_word' id='word_1_276' title='bbox 1000 2490 1068 2542; x_wconf 92' lang='lat' dir='ltr'><strong>illud</strong></span> <span class='ocrx_word' id='word_1_277' title='bbox 1086 2489 1147 2543; x_wconf 81' lang='lat' dir='ltr'><strong>doh.</strong></span> <span class='ocrx_word' id='word_1_278' title='bbox 1170 2491 1196 2543; x_wconf 84' lang='lat'><strong>5.</strong></span> <span class='ocrx_word' id='word_1_279' title='bbox 1230 2489 1334 2543; x_wconf 87' lang='lat' dir='ltr'><strong>Admit-</strong></span> 
     </span>
     <span class='ocr_line' id='line_1_28' title="bbox 27 2568 1335 2640; baseline 0.001 -21"><span class='ocrx_word' id='word_1_280' title='bbox 27 2585 111 2621; x_wconf 85' lang='lat' dir='ltr'><strong>:amns</strong></span> <span class='ocrx_word' id='word_1_281' title='bbox 136 2576 244 2620; x_wconf 74' lang='lat' dir='ltr'><strong>tantuna</strong></span> <span class='ocrx_word' id='word_1_282' title='bbox 265 2577 391 2638; x_wconf 88' lang='lat' dir='ltr'><strong>quatuor,</strong></span> <span class='ocrx_word' id='word_1_283' title='bbox 407 2575 446 2623; x_wconf 78' lang='lat' dir='ltr'><strong>ct</strong></span> <span class='ocrx_word' id='word_1_284' title='bbox 465 2576 556 2622; x_wconf 87' lang='lat' dir='ltr'><strong>tamen</strong></span> <span class='ocrx_word' id='word_1_285' title='bbox 577 2587 648 2623; x_wconf 87' lang='lat' dir='ltr'><strong>mors</strong></span> <span class='ocrx_word' id='word_1_286' title='bbox 670 2569 771 2623; x_wconf 77' lang='lat' dir='ltr'><strong>Christi</strong></span> <span class='ocrx_word' id='word_1_287' title='bbox 792 2570 818 2623; x_wconf 89' lang='lat' dir='ltr'><strong>in</strong></span> <span class='ocrx_word' id='word_1_288' title='bbox 840 2587 938 2622; x_wconf 89' lang='lat' dir='ltr'><strong>annum</strong></span> <span class='ocrx_word' id='word_1_289' title='bbox 961 2571 1005 2623; x_wconf 76' lang='lat'><strong>76.</strong></span> <span class='ocrx_word' id='word_1_290' title='bbox 1028 2568 1143 2620; x_wconf 77' lang='lat' dir='ltr'><strong>conterri</strong></span> <span class='ocrx_word' id='word_1_291' title='bbox 1164 2585 1216 2620; x_wconf 90' lang='lat' dir='ltr'><strong>non</strong></span> <span class='ocrx_word' id='word_1_292' title='bbox 1236 2575 1335 2640; x_wconf 81' lang='lat' dir='ltr'><strong>potest.</strong></span> 
     </span>
     <span class='ocr_line' id='line_1_29' title="bbox 27 2647 1336 2724; baseline -0.002 -24"><span class='ocrx_word' id='word_1_293' title='bbox 27 2665 82 2700; x_wconf 82' lang='lat' dir='ltr'><strong>:nm</strong></span> <span class='ocrx_word' id='word_1_294' title='bbox 105 2663 196 2699; x_wconf 84' lang='lat' dir='ltr'><strong>annus</strong></span> <span class='ocrx_word' id='word_1_295' title='bbox 221 2648 267 2701; x_wconf 76' lang='lat'><strong>83.</strong></span> <span class='ocrx_word' id='word_1_296' title='bbox 294 2665 346 2702; x_wconf 88' lang='lat' dir='ltr'><strong>non</strong></span> <span class='ocrx_word' id='word_1_297' title='bbox 367 2649 483 2717; x_wconf 83' lang='lat' dir='ltr'><strong>recipiat</strong></span> <span class='ocrx_word' id='word_1_298' title='bbox 501 2649 617 2718; x_wconf 86' lang='lat' dir='ltr'><strong>primam·</strong></span> <span class='ocrx_word' id='word_1_299' title='bbox 634 2651 745 2718; x_wconf 87' lang='lat' dir='ltr'><strong>pascha.</strong></span> <span class='ocrx_word' id='word_1_300' title='bbox 786 2650 919 2724; x_wconf 75' lang='lat' dir='ltr'><strong>adhaec</strong></span> <span class='ocrx_word' id='word_1_301' title='bbox 939 2648 1104 2704; x_wconf 80' lang='lat' dir='ltr'><strong>riorilunium</strong></span> <span class='ocrx_word' id='word_1_302' title='bbox 1124 2648 1257 2715; x_wconf 83' lang='lat' dir='ltr'><strong>paschate</strong></span> <span class='ocrx_word' id='word_1_303' title='bbox 1278 2647 1336 2714; x_wconf 89' lang='lat' dir='ltr'><strong>ejus</strong></span> 
     </span>
     <span class='ocr_line' id='line_1_30' title="bbox 27 2727 1336 2798; baseline -0.003 -16"><span class='ocrx_word' id='word_1_304' title='bbox 27 2727 95 2783; x_wconf 49' lang='lat' dir='ltr'><strong>mni&gt;</strong></span> <span class='ocrx_word' id='word_1_305' title='bbox 107 2727 201 2781; x_wconf 83' lang='lat' dir='ltr'><strong>incidit</strong></span> <span class='ocrx_word' id='word_1_306' title='bbox 221 2727 248 2780; x_wconf 91' lang='lat' dir='ltr'><strong>in</strong></span> <span class='ocrx_word' id='word_1_307' title='bbox 268 2727 363 2781; x_wconf 84' lang='lat' dir='ltr'><strong>seriam</strong></span> <span class='ocrx_word' id='word_1_308' title='bbox 384 2731 537 2797; x_wconf 88' lang='lat' dir='ltr'><strong>secundam,</strong></span> <span class='ocrx_word' id='word_1_309' title='bbox 564 2729 814 2798; x_wconf 61' lang='lat' dir='ltr'><strong>querimoniosus</strong></span> <span class='ocrx_word' id='word_1_310' title='bbox 835 2730 878 2781; x_wconf 91' lang='lat' dir='ltr'><strong>hic</strong></span> <span class='ocrx_word' id='word_1_311' title='bbox 900 2728 1017 2796; x_wconf 88' lang='lat' dir='ltr'><strong>incipere</strong></span> <span class='ocrx_word' id='word_1_312' title='bbox 1038 2736 1128 2796; x_wconf 85' lang='lat' dir='ltr'><strong>potest</strong></span> <span class='ocrx_word' id='word_1_313' title='bbox 1149 2743 1166 2779; x_wconf 91' lang='lat' dir='ltr'><strong>a</strong></span> <span class='ocrx_word' id='word_1_314' title='bbox 1185 2728 1257 2779; x_wconf 87' lang='lat' dir='ltr'><strong>i’eria</strong></span> <span class='ocrx_word' id='word_1_315' title='bbox 1276 2743 1336 2794; x_wconf 83' lang='lat' dir='ltr'><strong>sep·</strong></span> 
     </span>
     <span class='ocr_line' id='line_1_31' title="bbox 27 2804 1336 2875; baseline -0.002 -13"><span class='ocrx_word' id='word_1_316' title='bbox 27 2811 104 2863; x_wconf 76' lang='lat' dir='ltr'><strong>anst</strong></span> <span class='ocrx_word' id='word_1_317' title='bbox 146 2808 253 2861; x_wconf 77' lang='lat' dir='ltr'><strong>Menses</strong></span> <span class='ocrx_word' id='word_1_318' title='bbox 275 2804 444 2866; x_wconf 69' lang='lat' dir='ltr'><strong>‚ludaeorum</strong></span> <span class='ocrx_word' id='word_1_319' title='bbox 470 2809 493 2862; x_wconf 88' lang='lat' dir='ltr'><strong>si</strong></span> <span class='ocrx_word' id='word_1_320' title='bbox 514 2809 677 2863; x_wconf 86' lang='lat' dir='ltr'><strong>aberrarunt</strong></span> <span class='ocrx_word' id='word_1_321' title='bbox 698 2826 716 2862; x_wconf 87' lang='lat' dir='ltr'><strong>a</strong></span> <span class='ocrx_word' id='word_1_322' title='bbox 735 2809 880 2871; x_wconf 81' lang='lat' dir='ltr'><strong>novilunio,</strong></span> <span class='ocrx_word' id='word_1_323' title='bbox 901 2809 987 2863; x_wconf 85' lang='lat' dir='ltr'><strong>secuti</strong></span> <span class='ocrx_word' id='word_1_324' title='bbox 1008 2814 1071 2860; x_wconf 87' lang='lat' dir='ltr'><strong>sunt</strong></span> <span class='ocrx_word' id='word_1_325' title='bbox 1090 2807 1263 2875; x_wconf 74' lang='lat' dir='ltr'><strong>irorilunimn,</strong></span> <span class='ocrx_word' id='word_1_326' title='bbox 1284 2824 1336 2866; x_wconf 68' lang='lat' dir='ltr'><strong>nitu</strong></span> 
     </span>
     <span class='ocr_line' id='line_1_32' title="bbox 27 2874 1336 2960; baseline -0.001 -21"><span class='ocrx_word' id='word_1_327' title='bbox 27 2887 223 2960; x_wconf 63' lang='lat' dir='ltr'><strong>uniciparunu</strong></span> <span class='ocrx_word' id='word_1_328' title='bbox 253 2887 411 2957; x_wconf 85' lang='lat' dir='ltr'><strong>inceperunt</strong></span> <span class='ocrx_word' id='word_1_329' title='bbox 437 2889 507 2943; x_wconf 87' lang='lat' dir='ltr'><strong>enirn</strong></span> <span class='ocrx_word' id='word_1_330' title='bbox 532 2905 595 2944; x_wconf 80' lang='lat' dir='ltr'><strong>suas</strong></span> <span class='ocrx_word' id='word_1_331' title='bbox 609 2874 775 2943; x_wconf 75' lang='lat' dir='ltr'><strong>‘neornenins</strong></span> <span class='ocrx_word' id='word_1_332' title='bbox 803 2905 821 2941; x_wconf 89' lang='lat' dir='ltr'><strong>a</strong></span> <span class='ocrx_word' id='word_1_333' title='bbox 840 2889 920 2944; x_wconf 89' lang='lat' dir='ltr'><strong>Luna</strong></span> <span class='ocrx_word' id='word_1_334' title='bbox 939 2888 1011 2941; x_wconf 86' lang='lat' dir='ltr'><strong>visa:</strong></span> <span class='ocrx_word' id='word_1_335' title='bbox 1033 2904 1111 2956; x_wconf 78' lang='lat' dir='ltr'><strong>¹ergo</strong></span> <span class='ocrx_word' id='word_1_336' title='bbox 1130 2905 1180 2938; x_wconf 90' lang='lat' dir='ltr'><strong>nec</strong></span> <span class='ocrx_word' id='word_1_337' title='bbox 1201 2887 1336 2941; x_wconf 85' lang='lat' dir='ltr'><strong>sabbatho</strong></span> 
     </span>
     <span class='ocr_line' id='line_1_33' title="bbox 27 2967 1336 3039; baseline -0.004 -17"><span class='ocrx_word' id='word_1_338' title='bbox 27 2970 204 3022; x_wconf 77' lang='lat' dir='ltr'><strong>antecedente</strong></span> <span class='ocrx_word' id='word_1_339' title='bbox 228 2983 347 3022; x_wconf 85' lang='lat' dir='ltr'><strong>mensem</strong></span> <span class='ocrx_word' id='word_1_340' title='bbox 372 2969 443 3022; x_wconf 90' lang='lat' dir='ltr'><strong>hunc</strong></span> <span class='ocrx_word' id='word_1_341' title='bbox 467 2969 624 3038; x_wconf 78' lang='lat' dir='ltr'><strong>paschalem</strong></span> <span class='ocrx_word' id='word_1_342' title='bbox 651 2968 768 3036; x_wconf 87' lang='lat' dir='ltr'><strong>incipere</strong></span> <span class='ocrx_word' id='word_1_343' title='bbox 795 2969 945 3036; x_wconf 85' lang='lat' dir='ltr'><strong>potuerint,</strong></span> <span class='ocrx_word' id='word_1_344' title='bbox 971 2985 1020 3020; x_wconf 88' lang='lat' dir='ltr'><strong>nec</strong></span> <span class='ocrx_word' id='word_1_345' title='bbox 1040 2967 1177 3039; x_wconf 83' lang='lat' dir='ltr'><strong>sabbatho</strong></span> <span class='ocrx_word' id='word_1_346' title='bbox 1192 2973 1336 3035; x_wconf 83' lang='lat' dir='ltr'><strong>sequente,</strong></span> 
     </span>
     <span class='ocr_line' id='line_1_34' title="bbox 27 3042 1336 3120; baseline -0.004 -19"><span class='ocrx_word' id='word_1_347' title='bbox 27 3056 136 3120; x_wconf 80' lang='lat' dir='ltr'><strong>propter</strong></span> <span class='ocrx_word' id='word_1_348' title='bbox 156 3047 313 3101; x_wconf 85' lang='lat' dir='ltr'><strong>distantiam</strong></span> <span class='ocrx_word' id='word_1_349' title='bbox 332 3048 455 3112; x_wconf 68' lang='lat' dir='ltr'><strong>nimiamr</strong></span> <span class='ocrx_word' id='word_1_350' title='bbox 475 3050 549 3103; x_wconf 90' lang='lat' dir='ltr'><strong>nullo</strong></span> <span class='ocrx_word' id='word_1_351' title='bbox 569 3042 648 3101; x_wconf 79' lang='lat' dir='ltr'><strong>niodo</strong></span> <span class='ocrx_word' id='word_1_352' title='bbox 669 3064 736 3118; x_wconf 86' lang='lat' dir='ltr'><strong>ergo</strong></span> <span class='ocrx_word' id='word_1_353' title='bbox 757 3048 783 3100; x_wconf 93' lang='lat' dir='ltr'><strong>in</strong></span> <span class='ocrx_word' id='word_1_354' title='bbox 800 3048 870 3103; x_wconf 92' lang='lat' dir='ltr'><strong>hunc</strong></span> <span class='ocrx_word' id='word_1_355' title='bbox 886 3064 984 3100; x_wconf 85' lang='lat' dir='ltr'><strong>annum</strong></span> <span class='ocrx_word' id='word_1_356' title='bbox 1000 3047 1090 3114; x_wconf 81' lang='lat' dir='ltr'><strong>passio</strong></span> <span class='ocrx_word' id='word_1_357' title='bbox 1107 3045 1206 3098; x_wconf 83' lang='lat' dir='ltr'><strong>Christi</strong></span> <span class='ocrx_word' id='word_1_358' title='bbox 1222 3045 1336 3104; x_wconf 85' lang='lat' dir='ltr'><strong>conferri</strong></span> 
     </span>
     <span class='ocr_line' id='line_1_35' title="bbox 27 3120 1336 3199; baseline -0.002 -22"><span class='ocrx_word' id='word_1_359' title='bbox 27 3148 102 3197; x_wconf 73' lang='lat' dir='ltr'><strong>posse</strong></span> <span class='ocrx_word' id='word_1_360' title='bbox 129 3127 245 3180; x_wconf 82' lang='lat' dir='ltr'><strong>ridetur.</strong></span> <span class='ocrx_word' id='word_1_361' title='bbox 287 3128 363 3189; x_wconf 88' lang='lat' dir='ltr'><strong>Quod</strong></span> <span class='ocrx_word' id='word_1_362' title='bbox 384 3136 473 3198; x_wconf 85' lang='lat' dir='ltr'><strong>putas,</strong></span> <span class='ocrx_word' id='word_1_363' title='bbox 494 3135 606 3198; x_wconf 87' lang='lat' dir='ltr'><strong>propter</strong></span> <span class='ocrx_word' id='word_1_364' title='bbox 626 3145 731 3199; x_wconf 65' lang='lat' dir='ltr'><strong>morem⁴</strong></span> <span class='ocrx_word' id='word_1_365' title='bbox 747 3120 843 3182; x_wconf 84' lang='lat' dir='ltr'><strong>cuiculi</strong></span> <span class='ocrx_word' id='word_1_366' title='bbox 864 3126 971 3180; x_wconf 82' lang='lat' dir='ltr'><strong>ludoici</strong></span> <span class='ocrx_word' id='word_1_367' title='bbox 992 3127 1042 3181; x_wconf 92' lang='lat' dir='ltr'><strong>hoc</strong></span> <span class='ocrx_word' id='word_1_368' title='bbox 1063 3125 1186 3179; x_wconf 88' lang='lat' dir='ltr'><strong>accidere</strong></span> <span class='ocrx_word' id='word_1_369' title='bbox 1207 3123 1336 3193; x_wconf 86' lang='lat' dir='ltr'><strong>potuisse,</strong></span> 
     </span>
     <span class='ocr_line' id='line_1_36' title="bbox 27 3200 1336 3277; baseline -0.005 -17"><span class='ocrx_word' id='word_1_370' title='bbox 27 3227 82 3261; x_wconf 80' lang='lat' dir='ltr'><strong>:ura</strong></span> <span class='ocrx_word' id='word_1_371' title='bbox 105 3207 133 3260; x_wconf 91' lang='lat' dir='ltr'><strong>in</strong></span> <span class='ocrx_word' id='word_1_372' title='bbox 154 3223 207 3259; x_wconf 92' lang='lat' dir='ltr'><strong>uno</strong></span> <span class='ocrx_word' id='word_1_373' title='bbox 228 3223 298 3260; x_wconf 89' lang='lat' dir='ltr'><strong>anno</strong></span> <span class='ocrx_word' id='word_1_374' title='bbox 318 3208 360 3259; x_wconf 90' lang='lat' dir='ltr'><strong>his</strong></span> <span class='ocrx_word' id='word_1_375' title='bbox 380 3208 484 3277; x_wconf 86' lang='lat' dir='ltr'><strong>pascha</strong></span> <span class='ocrx_word' id='word_1_376' title='bbox 504 3225 587 3277; x_wconf 82' lang='lat' dir='ltr'><strong>saepe</strong></span> <span class='ocrx_word' id='word_1_377' title='bbox 608 3200 814 3270; x_wconf 73' lang='lat' dir='ltr'><strong>celebraverint,</strong></span> <span class='ocrx_word' id='word_1_378' title='bbox 834 3205 898 3259; x_wconf 89' lang='lat' dir='ltr'><strong>mihi</strong></span> <span class='ocrx_word' id='word_1_379' title='bbox 919 3200 971 3265; x_wconf 86' lang='lat' dir='ltr'><strong>non</strong></span> <span class='ocrx_word' id='word_1_380' title='bbox 986 3206 1100 3258; x_wconf 82' lang='lat' dir='ltr'><strong>videtur.</strong></span> <span class='ocrx_word' id='word_1_381' title='bbox 1131 3205 1269 3258; x_wconf 83' lang='lat' dir='ltr'><strong>Paschata</strong></span> <span class='ocrx_word' id='word_1_382' title='bbox 1284 3205 1336 3256; x_wconf 94' lang='lat' dir='ltr'><strong>duo</strong></span> 
     </span>
     <span class='ocr_line' id='line_1_37' title="bbox 27 3284 1338 3363; baseline -0.005 -21"><span class='ocrx_word' id='word_1_383' title='bbox 27 3289 117 3357; x_wconf 84' lang='lat' dir='ltr'><strong>procul</strong></span> <span class='ocrx_word' id='word_1_384' title='bbox 140 3286 221 3340; x_wconf 88' lang='lat' dir='ltr'><strong>dubio</strong></span> <span class='ocrx_word' id='word_1_385' title='bbox 242 3286 382 3357; x_wconf 78' lang='lat' dir='ltr'><strong>intelligis.</strong></span> <span class='ocrx_word' id='word_1_386' title='bbox 404 3288 426 3340; x_wconf 87' lang='lat' dir='ltr'><strong>si</strong></span> <span class='ocrx_word' id='word_1_387' title='bbox 447 3305 538 3340; x_wconf 89' lang='lat' dir='ltr'><strong>mense</strong></span> <span class='ocrx_word' id='word_1_388' title='bbox 557 3288 643 3357; x_wconf 82' lang='lat' dir='ltr'><strong>prirao</strong></span> <span class='ocrx_word' id='word_1_389' title='bbox 665 3295 693 3340; x_wconf 91' lang='lat' dir='ltr'><strong>et</strong></span> <span class='ocrx_word' id='word_1_390' title='bbox 712 3296 809 3357; x_wconf 83' lang='lat' dir='ltr'><strong>postca</strong></span> <span class='ocrx_word' id='word_1_391' title='bbox 829 3305 919 3341; x_wconf 86' lang='lat' dir='ltr'><strong>menso</strong></span> <span class='ocrx_word' id='word_1_392' title='bbox 940 3285 1095 3340; x_wconf 83' lang='lat' dir='ltr'><strong>duodecimo</strong></span> <span class='ocrx_word' id='word_1_393' title='bbox 1116 3285 1215 3337; x_wconf 89' lang='lat' dir='ltr'><strong>iterum</strong></span> <span class='ocrx_word' id='word_1_394' title='bbox 1234 3284 1338 3363; x_wconf 77' lang='lat' dir='ltr'><strong>pascha</strong></span> 
     </span>
     <span class='ocr_line' id='line_1_38' title="bbox 27 3366 1390 3437; baseline -0.004 -17"><span class='ocrx_word' id='word_1_395' title='bbox 27 3370 195 3421; x_wconf 72' lang='lat' dir='ltr'><strong>seh-bratus:</strong></span> <span class='ocrx_word' id='word_1_396' title='bbox 218 3366 252 3419; x_wconf 71' lang='lat' dir='ltr'><strong>&#39;id</strong></span> <span class='ocrx_word' id='word_1_397' title='bbox 282 3384 343 3427; x_wconf 72' lang='lat' dir='ltr'><strong>noir,</strong></span> <span class='ocrx_word' id='word_1_398' title='bbox 374 3373 404 3420; x_wconf 88' lang='lat' dir='ltr'><strong>ut</strong></span> <span class='ocrx_word' id='word_1_399' title='bbox 431 3367 557 3430; x_wconf 85' lang='lat' dir='ltr'><strong>arbitror,</strong></span> <span class='ocrx_word' id='word_1_400' title='bbox 588 3369 744 3437; x_wconf 89' lang='lat' dir='ltr'><strong>appellatur</strong></span> <span class='ocrx_word' id='word_1_401' title='bbox 769 3367 874 3435; x_wconf 85' lang='lat' dir='ltr'><strong>pascha</strong></span> <span class='ocrx_word' id='word_1_402' title='bbox 899 3366 940 3418; x_wconf 90' lang='lat' dir='ltr'><strong>bis</strong></span> <span class='ocrx_word' id='word_1_403' title='bbox 968 3367 994 3419; x_wconf 90' lang='lat' dir='ltr'><strong>in</strong></span> <span class='ocrx_word' id='word_1_404' title='bbox 1021 3382 1091 3419; x_wconf 88' lang='lat' dir='ltr'><strong>anno</strong></span> <span class='ocrx_word' id='word_1_405' title='bbox 1119 3366 1260 3419; x_wconf 88' lang='lat' dir='ltr'><strong>celebrare</strong></span> <span class='ocrx_word' id='word_1_406' title='bbox 1287 3370 1336 3416; x_wconf 90' lang='lat' dir='ltr'><strong>etc.</strong></span> <span class='ocrx_word' id='word_1_407' title='bbox 1387 3378 1390 3391; x_wconf 76' lang='lat'><em>¹</em></span> 
     </span>
     <span class='ocr_line' id='line_1_39' title="bbox 27 3444 1338 3514; baseline -0.004 -15"><span class='ocrx_word' id='word_1_408' title='bbox 27 3447 125 3500; x_wconf 88' lang='lat' dir='ltr'><strong>ludaei</strong></span> <span class='ocrx_word' id='word_1_409' title='bbox 160 3462 224 3498; x_wconf 79' lang='lat' dir='ltr'><strong>vero</strong></span> <span class='ocrx_word' id='word_1_410' title='bbox 252 3446 293 3499; x_wconf 91' lang='lat' dir='ltr'><strong>bis</strong></span> <span class='ocrx_word' id='word_1_411' title='bbox 320 3446 425 3514; x_wconf 78' lang='lat' dir='ltr'><strong>paseha</strong></span> <span class='ocrx_word' id='word_1_412' title='bbox 452 3447 478 3500; x_wconf 89' lang='lat' dir='ltr'><strong>in</strong></span> <span class='ocrx_word' id='word_1_413' title='bbox 504 3463 557 3499; x_wconf 90' lang='lat' dir='ltr'><strong>uno</strong></span> <span class='ocrx_word' id='word_1_414' title='bbox 583 3463 653 3500; x_wconf 87' lang='grc' dir='ltr'>ιιιιιιο</span> <span class='ocrx_word' id='word_1_415' title='bbox 680 3448 869 3507; x_wconf 76' lang='lat' dir='ltr'><strong>celebrarunt,</strong></span> <span class='ocrx_word' id='word_1_416' title='bbox 894 3446 916 3498; x_wconf 91' lang='lat' dir='ltr'><strong>si</strong></span> <span class='ocrx_word' id='word_1_417' title='bbox 943 3446 1046 3514; x_wconf 85' lang='lat' dir='ltr'><strong>pascha</strong></span> <span class='ocrx_word' id='word_1_418' title='bbox 1072 3445 1227 3513; x_wconf 61' lang='lat' dir='ltr'><strong>&#39;lfecupham</strong></span> <span class='ocrx_word' id='word_1_419' title='bbox 1253 3444 1338 3497; x_wconf 84' lang='lat' dir='ltr'><strong>Nisan</strong></span> 
     </span>
     <span class='ocr_line' id='line_1_40' title="bbox 27 3518 1339 3596; baseline -0.005 -15"><span class='ocrx_word' id='word_1_420' title='bbox 27 3529 219 3596; x_wconf 56' lang='lat' dir='ltr'><strong>praecederet:</strong></span> <span class='ocrx_word' id='word_1_421' title='bbox 241 3532 305 3579; x_wconf 87' lang='lat' dir='ltr'><strong>tunc</strong></span> <span class='ocrx_word' id='word_1_422' title='bbox 325 3518 395 3579; x_wconf 84' lang='lat' dir='ltr'><strong>omni</strong></span> <span class='ocrx_word' id='word_1_423' title='bbox 416 3527 566 3596; x_wconf 69' lang='lat' dir='ltr'><strong>[rotabatur</strong></span> <span class='ocrx_word' id='word_1_424' title='bbox 587 3527 720 3580; x_wconf 87' lang='lat' dir='ltr'><strong>celebrari</strong></span> <span class='ocrx_word' id='word_1_425' title='bbox 741 3525 897 3580; x_wconf 84' lang='lat' dir='ltr'><strong>duodechno</strong></span> <span class='ocrx_word' id='word_1_426' title='bbox 918 3540 1022 3587; x_wconf 84' lang='lat' dir='ltr'><strong>mense;</strong></span> <span class='ocrx_word' id='word_1_427' title='bbox 1045 3527 1091 3577; x_wconf 84' lang='lat' dir='ltr'><strong>sed</strong></span> <span class='ocrx_word' id='word_1_428' title='bbox 1113 3524 1253 3577; x_wconf 62' lang='lat' dir='ltr'><strong>hic‘error</strong></span> <span class='ocrx_word' id='word_1_429' title='bbox 1271 3522 1339 3577; x_wconf 86' lang='lat' dir='ltr'><strong>nihil</strong></span> 
     </span>
     <span class='ocr_line' id='line_1_41' title="bbox 27 3604 1340 3674; baseline -0.005 -14"><span class='ocrx_word' id='word_1_430' title='bbox 27 3609 91 3660; x_wconf 75' lang='lat' dir='ltr'><strong>aeto</strong></span> <span class='ocrx_word' id='word_1_431' title='bbox 113 3608 149 3658; x_wconf 85' lang='lat' dir='ltr'><strong>nd</strong></span> <span class='ocrx_word' id='word_1_432' title='bbox 169 3622 274 3658; x_wconf 87' lang='lat' dir='ltr'><strong>menses</strong></span> <span class='ocrx_word' id='word_1_433' title='bbox 295 3607 505 3669; x_wconf 82' lang='lat' dir='ltr'><strong>constituendos,</strong></span> <span class='ocrx_word' id='word_1_434' title='bbox 527 3607 584 3659; x_wconf 83' lang='lat' dir='ltr'><strong>sive</strong></span> <span class='ocrx_word' id='word_1_435' title='bbox 604 3614 636 3659; x_wconf 89' lang='lat' dir='ltr'><strong>ut</strong></span> <span class='ocrx_word' id='word_1_436' title='bbox 655 3613 803 3674; x_wconf 87' lang='lat' dir='ltr'><strong>propterea</strong></span> <span class='ocrx_word' id='word_1_437' title='bbox 823 3605 1006 3673; x_wconf 82' lang='lat' dir='ltr'><strong>anticiparent</strong></span> <span class='ocrx_word' id='word_1_438' title='bbox 1026 3621 1131 3657; x_wconf 84' lang='lat' dir='ltr'><strong>menses</strong></span> <span class='ocrx_word' id='word_1_439' title='bbox 1152 3604 1195 3657; x_wconf 90' lang='lat' dir='ltr'><strong>die</strong></span> <span class='ocrx_word' id='word_1_440' title='bbox 1216 3621 1269 3656; x_wconf 90' lang='lat' dir='ltr'><strong>uno</strong></span> <span class='ocrx_word' id='word_1_441' title='bbox 1290 3609 1340 3655; x_wconf 90' lang='lat' dir='ltr'><strong>ant</strong></span> 
     </span>
     <span class='ocr_line' id='line_1_42' title="bbox 27 3680 1339 3756; baseline -0.005 -15"><span class='ocrx_word' id='word_1_442' title='bbox 27 3691 122 3741; x_wconf 77' lang='lat' dir='ltr'><strong>altero.</strong></span> <span class='ocrx_word' id='word_1_443' title='bbox 164 3687 251 3739; x_wconf 80' lang='lat' dir='ltr'><strong>Plato</strong></span> <span class='ocrx_word' id='word_1_444' title='bbox 271 3686 357 3756; x_wconf 80' lang='lat' dir='ltr'><strong>igitur</strong></span> <span class='ocrx_word' id='word_1_445' title='bbox 376 3703 429 3740; x_wconf 86' lang='lat' dir='ltr'><strong>non</strong></span> <span class='ocrx_word' id='word_1_446' title='bbox 449 3686 537 3747; x_wconf 82' lang='lat' dir='ltr'><strong>rideo,</strong></span> <span class='ocrx_word' id='word_1_447' title='bbox 558 3680 691 3756; x_wconf 83' lang='lat' dir='ltr'><strong>quomodo</strong></span> <span class='ocrx_word' id='word_1_448' title='bbox 707 3685 928 3753; x_wconf 87' lang='lat' dir='ltr'><strong>anticipationcm</strong></span> <span class='ocrx_word' id='word_1_449' title='bbox 943 3685 1018 3738; x_wconf 88' lang='lat' dir='ltr'><strong>illam</strong></span> <span class='ocrx_word' id='word_1_450' title='bbox 1033 3684 1243 3753; x_wconf 83' lang='lat' dir='ltr'><strong>probarevelis;</strong></span> <span class='ocrx_word' id='word_1_451' title='bbox 1261 3683 1339 3736; x_wconf 85' lang='lat' dir='ltr'><strong>-varie</strong></span> 
     </span>
     <span class='ocr_line' id='line_1_43' title="bbox 27 3759 1339 3828; baseline -0.002 -10"><span class='ocrx_word' id='word_1_452' title='bbox 27 3768 218 3821; x_wconf 71' lang='lat' dir='ltr'><strong>intercalatum</strong></span> <span class='ocrx_word' id='word_1_453' title='bbox 243 3766 335 3828; x_wconf 83' lang='lat' dir='ltr'><strong>fuisse,</strong></span> <span class='ocrx_word' id='word_1_454' title='bbox 361 3759 443 3820; x_wconf 77' lang='lat' dir='ltr'><strong>facile</strong></span> <span class='ocrx_word' id='word_1_455' title='bbox 469 3768 600 3826; x_wconf 82' lang='lat' dir='ltr'><strong>concedo,</strong></span> <span class='ocrx_word' id='word_1_456' title='bbox 626 3769 673 3822; x_wconf 82' lang='lat' dir='ltr'><strong>sed</strong></span> <span class='ocrx_word' id='word_1_457' title='bbox 699 3782 805 3819; x_wconf 87' lang='lat' dir='ltr'><strong>menses</strong></span> <span class='ocrx_word' id='word_1_458' title='bbox 831 3765 923 3818; x_wconf 82' lang='lat' dir='ltr'><strong>temeri</strong></span> <span class='ocrx_word' id='word_1_459' title='bbox 943 3765 1065 3820; x_wconf 76' lang='lat' dir='ltr'><strong>Lunares</strong></span> <span class='ocrx_word' id='word_1_460' title='bbox 1087 3771 1160 3817; x_wconf 88' lang='lat' dir='ltr'><strong>recte</strong></span> <span class='ocrx_word' id='word_1_461' title='bbox 1180 3764 1339 3816; x_wconf 82' lang='lat' dir='ltr'><strong>observatos</strong></span> 
     </span>
     <span class='ocr_line' id='line_1_44' title="bbox 27 3844 1339 3917; baseline -0.005 -18"><span class='ocrx_word' id='word_1_462' title='bbox 27 3848 108 3909; x_wconf 82' lang='lat' dir='ltr'><strong>luisse</strong></span> <span class='ocrx_word' id='word_1_463' title='bbox 140 3848 236 3909; x_wconf 86' lang='lat' dir='ltr'><strong>credo,</strong></span> <span class='ocrx_word' id='word_1_464' title='bbox 266 3852 323 3900; x_wconf 85' lang='lat' dir='ltr'><strong>tum</strong></span> <span class='ocrx_word' id='word_1_465' title='bbox 351 3847 422 3917; x_wconf 87' lang='lat' dir='ltr'><strong>quod</strong></span> <span class='ocrx_word' id='word_1_466' title='bbox 452 3844 532 3915; x_wconf 66' lang='lat' dir='ltr'><strong>htrjus</strong></span> <span class='ocrx_word' id='word_1_467' title='bbox 562 3848 602 3900; x_wconf 88' lang='lat' dir='ltr'><strong>rei</strong></span> <span class='ocrx_word' id='word_1_468' title='bbox 630 3846 775 3900; x_wconf 89' lang='lat' dir='ltr'><strong>discendae</strong></span> <span class='ocrx_word' id='word_1_469' title='bbox 801 3851 831 3897; x_wconf 81' lang='lat' dir='ltr'><strong>et</strong></span> <span class='ocrx_word' id='word_1_470' title='bbox 855 3846 1042 3898; x_wconf 79' lang='lat' dir='ltr'><strong>observandae</strong></span> <span class='ocrx_word' id='word_1_471' title='bbox 1068 3844 1212 3913; x_wconf 90' lang='lat' dir='ltr'><strong>plurimum</strong></span> <span class='ocrx_word' id='word_1_472' title='bbox 1238 3856 1339 3910; x_wconf 84' lang='lat' dir='ltr'><strong>operae</strong></span> 
     </span>
     <span class='ocr_line' id='line_1_45' title="bbox 27 3919 1339 3996; baseline -0.005 -15"><span class='ocrx_word' id='word_1_473' title='bbox 27 3926 219 3996; x_wconf 64' lang='lat' dir='ltr'><strong>dependeant,</strong></span> <span class='ocrx_word' id='word_1_474' title='bbox 246 3932 303 3978; x_wconf 92' lang='lat' dir='ltr'><strong>tum</strong></span> <span class='ocrx_word' id='word_1_475' title='bbox 330 3927 399 3995; x_wconf 87' lang='lat' dir='ltr'><strong>quod</strong></span> <span class='ocrx_word' id='word_1_476' title='bbox 426 3926 535 3979; x_wconf 87' lang='lat' dir='ltr'><strong>Judaea</strong></span> <span class='ocrx_word' id='word_1_477' title='bbox 559 3927 684 3995; x_wconf 80' lang='lat' dir='ltr'><strong>pluviosa</strong></span> <span class='ocrx_word' id='word_1_478' title='bbox 710 3928 778 3978; x_wconf 88' lang='lat' dir='ltr'><strong>adeo</strong></span> <span class='ocrx_word' id='word_1_479' title='bbox 805 3942 856 3982; x_wconf 86' lang='lat' dir='ltr'><strong>non</strong></span> <span class='ocrx_word' id='word_1_480' title='bbox 883 3932 940 3989; x_wconf 87' lang='lat' dir='ltr'><strong>est,</strong></span> <span class='ocrx_word' id='word_1_481' title='bbox 966 3933 995 3978; x_wconf 91' lang='lat' dir='ltr'><strong>ut</strong></span> <span class='ocrx_word' id='word_1_482' title='bbox 1022 3926 1101 3977; x_wconf 86' lang='lat' dir='ltr'><strong>Luna</strong></span> <span class='ocrx_word' id='word_1_483' title='bbox 1126 3919 1265 3977; x_wconf 78' lang='lat' dir='ltr'><strong>observari</strong></span> <span class='ocrx_word' id='word_1_484' title='bbox 1287 3940 1339 3976; x_wconf 90' lang='lat' dir='ltr'><strong>non</strong></span> 
     </span>
     <span class='ocr_line' id='line_1_46' title="bbox 27 4001 979 4076; baseline -0.002 -16"><span class='ocrx_word' id='word_1_485' title='bbox 27 4007 117 4076; x_wconf 77' lang='lat' dir='ltr'><strong>possit</strong></span> <span class='ocrx_word' id='word_1_486' title='bbox 159 4005 342 4075; x_wconf 85' lang='lat' dir='ltr'><strong>Epiphaniam</strong></span> <span class='ocrx_word' id='word_1_487' title='bbox 362 4023 415 4059; x_wconf 90' lang='lat' dir='ltr'><strong>non</strong></span> <span class='ocrx_word' id='word_1_488' title='bbox 435 4005 500 4074; x_wconf 81' lang='lat' dir='ltr'><strong>legi,</strong></span> <span class='ocrx_word' id='word_1_489' title='bbox 520 4024 608 4076; x_wconf 87' lang='lat' dir='ltr'><strong>neque</strong></span> <span class='ocrx_word' id='word_1_490' title='bbox 629 4001 693 4072; x_wconf 78' lang='lat' dir='ltr'><strong>scio,</strong></span> <span class='ocrx_word' id='word_1_491' title='bbox 715 4005 814 4065; x_wconf 86' lang='lat' dir='ltr'><strong>anhic</strong></span> <span class='ocrx_word' id='word_1_492' title='bbox 835 4005 979 4058; x_wconf 86' lang='lat' dir='ltr'><strong>habeatur.</strong></span> 
     </span>
    </p>
   </div>
   <div class='ocr_carea' id='block_1_6' title="bbox 27 4094 1374 4805">
    <p class='ocr_par' dir='ltr' id='par_1_6' title="bbox 27 4094 1374 4805">
     <span class='ocr_line' id='line_1_47' title="bbox 113 4094 1340 4182; baseline -0.011 -12"><span class='ocrx_word' id='word_1_493' title='bbox 113 4097 305 4182; x_wconf 77' lang='lat' dir='ltr'><strong>Keplerus</strong></span> <span class='ocrx_word' id='word_1_494' title='bbox 328 4102 416 4174; x_wconf 74' lang='lat' dir='ltr'><strong>(apia</strong></span> <span class='ocrx_word' id='word_1_495' title='bbox 434 4108 533 4173; x_wconf 80' lang='lat' dir='ltr'><strong>VIILl:</strong></span> <span class='ocrx_word' id='word_1_496' title='bbox 557 4100 627 4176; x_wconf 83' lang='lat' dir='ltr'><strong>Quo</strong></span> <span class='ocrx_word' id='word_1_497' title='bbox 641 4098 747 4163; x_wconf 87' lang='lat' dir='ltr'><strong>minus</strong></span> <span class='ocrx_word' id='word_1_498' title='bbox 760 4097 835 4161; x_wconf 90' lang='lat' dir='ltr'><strong>mihi</strong></span> <span class='ocrx_word' id='word_1_499' title='bbox 858 4102 999 4160; x_wconf 85' lang='lat' dir='ltr'><strong>metuam</strong></span> <span class='ocrx_word' id='word_1_500' title='bbox 1013 4095 1052 4166; x_wconf 88' lang='lat' dir='ltr'><strong>dc</strong></span> <span class='ocrx_word' id='word_1_501' title='bbox 1066 4117 1151 4160; x_wconf 88' lang='lat' dir='ltr'><strong>anno</strong></span> <span class='ocrx_word' id='word_1_502' title='bbox 1172 4094 1340 4176; x_wconf 63' lang='lat' dir='ltr'><strong>passionis</strong></span> 
     </span>
     <span class='ocr_line' id='line_1_48' title="bbox 27 4183 1340 4269; baseline -0.003 -16"><span class='ocrx_word' id='word_1_503' title='bbox 27 4210 125 4254; x_wconf 81' lang='lat' dir='ltr'><strong>rausa</strong></span> <span class='ocrx_word' id='word_1_504' title='bbox 146 4193 205 4267; x_wconf 86' lang='lat' dir='ltr'><strong>est,</strong></span> <span class='ocrx_word' id='word_1_505' title='bbox 228 4187 306 4269; x_wconf 90' lang='lat' dir='ltr'><strong>quia</strong></span> <span class='ocrx_word' id='word_1_506' title='bbox 326 4189 359 4252; x_wconf 92' lang='lat' dir='ltr'><strong>iu</strong></span> <span class='ocrx_word' id='word_1_507' title='bbox 374 4187 517 4268; x_wconf 81' lang='lat' dir='ltr'><strong>Joharme</strong></span> <span class='ocrx_word' id='word_1_508' title='bbox 538 4186 662 4269; x_wconf 78' lang='lat' dir='ltr'><strong>digesta</strong></span> <span class='ocrx_word' id='word_1_509' title='bbox 678 4192 754 4250; x_wconf 81' lang='lat' dir='ltr'><strong>emit</strong></span> <span class='ocrx_word' id='word_1_510' title='bbox 776 4185 903 4250; x_wconf 82' lang='lat' dir='ltr'><strong>tantum</strong></span> <span class='ocrx_word' id='word_1_511' title='bbox 925 4186 989 4250; x_wconf 89' lang='lat' dir='ltr'><strong>tria</strong></span> <span class='ocrx_word' id='word_1_512' title='bbox 1003 4183 1158 4268; x_wconf 83' lang='lat' dir='ltr'><strong>paschata</strong></span> <span class='ocrx_word' id='word_1_513' title='bbox 1180 4203 1340 4266; x_wconf 80' lang='lat' dir='ltr'><strong>expresse.</strong></span> 
     </span>
     <span class='ocr_line' id='line_1_49' title="bbox 27 4271 1342 4356; baseline -0.007 -13"><span class='ocrx_word' id='word_1_514' title='bbox 27 4282 144 4343; x_wconf 81' lang='lat' dir='ltr'><strong>Uetera</strong></span> <span class='ocrx_word' id='word_1_515' title='bbox 166 4277 317 4340; x_wconf 89' lang='lat' dir='ltr'><strong>dicuntur</strong></span> <span class='ocrx_word' id='word_1_516' title='bbox 338 4277 420 4341; x_wconf 83' lang='lat' dir='ltr'><strong>festa</strong></span> <span class='ocrx_word' id='word_1_517' title='bbox 434 4277 640 4354; x_wconf 71' lang='lat' dir='ltr'><strong>durlacenum,</strong></span> <span class='ocrx_word' id='word_1_518' title='bbox 662 4275 773 4356; x_wconf 86' lang='lat' dir='ltr'><strong>itaque</strong></span> <span class='ocrx_word' id='word_1_519' title='bbox 789 4279 866 4338; x_wconf 80' lang='lat' dir='ltr'><strong>turm</strong></span> <span class='ocrx_word' id='word_1_520' title='bbox 884 4273 1040 4338; x_wconf 87' lang='lat' dir='ltr'><strong>tenendus</strong></span> <span class='ocrx_word' id='word_1_521' title='bbox 1054 4278 1134 4338; x_wconf 81' lang='lat' dir='ltr'><strong>esset</strong></span> <span class='ocrx_word' id='word_1_522' title='bbox 1148 4271 1342 4355; x_wconf 82' lang='lat' dir='ltr'><strong>Epiphanius</strong></span> 
     </span>
     <span class='ocr_line' id='line_1_50' title="bbox 27 4357 1344 4448; baseline -0.005 -17"><span class='ocrx_word' id='word_1_523' title='bbox 27 4368 62 4431; x_wconf 88' lang='lat' dir='ltr'><strong>de</strong></span> <span class='ocrx_word' id='word_1_524' title='bbox 87 4364 147 4442; x_wconf 74' lang='lat' dir='ltr'><strong>2¹,t</strong></span> <span class='ocrx_word' id='word_1_525' title='bbox 175 4366 267 4429; x_wconf 85' lang='lat' dir='ltr'><strong>aunis</strong></span> <span class='ocrx_word' id='word_1_526' title='bbox 289 4365 542 4448; x_wconf 82' lang='lat' dir='ltr'><strong>praedicationis.</strong></span> <span class='ocrx_word' id='word_1_527' title='bbox 572 4364 775 4448; x_wconf 84' lang='lat' dir='ltr'><strong>Baptismum</strong></span> <span class='ocrx_word' id='word_1_528' title='bbox 794 4385 868 4428; x_wconf 84' lang='lat' dir='ltr'><strong>varo</strong></span> <span class='ocrx_word' id='word_1_529' title='bbox 888 4364 951 4432; x_wconf 84' lang='lat' dir='ltr'><strong>sive</strong></span> <span class='ocrx_word' id='word_1_530' title='bbox 967 4368 997 4428; x_wconf 82' lang='lat'><strong>5.</strong></span> <span class='ocrx_word' id='word_1_531' title='bbox 1013 4361 1197 4427; x_wconf 83' lang='lat' dir='ltr'><strong>Novembris</strong></span> <span class='ocrx_word' id='word_1_532' title='bbox 1220 4357 1344 4424; x_wconf 84' lang='lat' dir='ltr'><strong>tribuas</strong></span> 
     </span>
     <span class='ocr_line' id='line_1_51' title="bbox 27 4449 1374 4537; baseline -0.004 -20"><span class='ocrx_word' id='word_1_533' title='bbox 27 4457 88 4518; x_wconf 77' lang='lat' dir='ltr'><strong>sire</strong></span> <span class='ocrx_word' id='word_1_534' title='bbox 117 4460 148 4516; x_wconf 79' lang='lat' dir='ltr'><strong>ti.</strong></span> <span class='ocrx_word' id='word_1_535' title='bbox 170 4453 333 4530; x_wconf 74' lang='lat' dir='ltr'><strong>ianuarii,</strong></span> <span class='ocrx_word' id='word_1_536' title='bbox 358 4475 471 4537; x_wconf 85' lang='lat' dir='ltr'><strong>parum</strong></span> <span class='ocrx_word' id='word_1_537' title='bbox 494 4455 641 4532; x_wconf 86' lang='lat' dir='ltr'><strong>interest,</strong></span> <span class='ocrx_word' id='word_1_538' title='bbox 668 4452 756 4517; x_wconf 87' lang='lat' dir='ltr'><strong>illinc</strong></span> <span class='ocrx_word' id='word_1_539' title='bbox 786 4453 869 4517; x_wconf 84' lang='lat' dir='ltr'><strong>ratio</strong></span> <span class='ocrx_word' id='word_1_540' title='bbox 899 4456 982 4529; x_wconf 87' lang='lat' dir='ltr'><strong>stat,</strong></span> <span class='ocrx_word' id='word_1_541' title='bbox 1012 4450 1085 4516; x_wconf 92' lang='lat' dir='ltr'><strong>hinc</strong></span> <span class='ocrx_word' id='word_1_542' title='bbox 1111 4449 1289 4515; x_wconf 86' lang='lat' dir='ltr'><strong>auctoritas</strong></span> <span class='ocrx_word' id='word_1_543' title='bbox 1311 4455 1344 4535; x_wconf 87' lang='lat' dir='ltr'><strong>et</strong></span> <span class='ocrx_word' id='word_1_544' title='bbox 1367 4450 1374 4469; x_wconf 80' lang='lat'>⁸</span> 
     </span>
     <span class='ocr_line' id='line_1_52' title="bbox 27 4539 1343 4627; baseline -0.004 -22"><span class='ocrx_word' id='word_1_545' title='bbox 27 4543 165 4614; x_wconf 82' lang='lat' dir='ltr'><strong>traditio.</strong></span> <span class='ocrx_word' id='word_1_546' title='bbox 204 4544 290 4607; x_wconf 82' lang='lat' dir='ltr'><strong>Tuae</strong></span> <span class='ocrx_word' id='word_1_547' title='bbox 312 4564 386 4608; x_wconf 84' lang='lat' dir='ltr'><strong>vero</strong></span> <span class='ocrx_word' id='word_1_548' title='bbox 409 4542 575 4627; x_wconf 90' lang='lat' dir='ltr'><strong>objectioni</strong></span> <span class='ocrx_word' id='word_1_549' title='bbox 591 4543 674 4607; x_wconf 87' lang='lat' dir='ltr'><strong>idem</strong></span> <span class='ocrx_word' id='word_1_550' title='bbox 697 4541 884 4623; x_wconf 80' lang='lat' dir='ltr'><strong>respondeo,</strong></span> <span class='ocrx_word' id='word_1_551' title='bbox 907 4539 994 4622; x_wconf 88' lang='lat' dir='ltr'><strong>quod</strong></span> <span class='ocrx_word' id='word_1_552' title='bbox 1010 4561 1059 4603; x_wconf 87' lang='lat' dir='ltr'><strong>ma</strong></span> <span class='ocrx_word' id='word_1_553' title='bbox 1073 4539 1207 4604; x_wconf 86' lang='lat' dir='ltr'><strong>maxime</strong></span> <span class='ocrx_word' id='word_1_554' title='bbox 1229 4544 1343 4601; x_wconf 87' lang='lat' dir='ltr'><strong>movet.</strong></span> 
     </span>
     <span class='ocr_line' id='line_1_53' title="bbox 27 4625 1344 4717; baseline -0.005 -21"><span class='ocrx_word' id='word_1_555' title='bbox 27 4632 223 4717; x_wconf 74' lang='lat' dir='ltr'><strong>Epiplmuius</strong></span> <span class='ocrx_word' id='word_1_556' title='bbox 240 4653 371 4697; x_wconf 82' lang='lat' dir='ltr'><strong>causam</strong></span> <span class='ocrx_word' id='word_1_557' title='bbox 391 4632 491 4696; x_wconf 85' lang='lat' dir='ltr'><strong>tradit</strong></span> <span class='ocrx_word' id='word_1_558' title='bbox 506 4653 544 4695; x_wconf 85' lang='lat' dir='ltr'><strong>ex</strong></span> <span class='ocrx_word' id='word_1_559' title='bbox 560 4631 647 4715; x_wconf 83' lang='lat' dir='ltr'><strong>e‘yclo</strong></span> <span class='ocrx_word' id='word_1_560' title='bbox 663 4629 861 4704; x_wconf 82' lang='lat' dir='ltr'><strong>Jmlaeorum</strong></span> <span class='ocrx_word' id='word_1_561' title='bbox 884 4629 965 4703; x_wconf 86' lang='lat' dir='ltr'><strong>illius</strong></span> <span class='ocrx_word' id='word_1_562' title='bbox 988 4628 1150 4711; x_wconf 75' lang='lat' dir='ltr'><strong>temporie,</strong></span> <span class='ocrx_word' id='word_1_563' title='bbox 1174 4649 1232 4692; x_wconf 76' lang='lat' dir='ltr'><strong>cair</strong></span> <span class='ocrx_word' id='word_1_564' title='bbox 1248 4625 1344 4697; x_wconf 87' lang='lat' dir='ltr'><strong>biduo</strong></span> 
     </span>
     <span class='ocr_line' id='line_1_54' title="bbox 27 4715 1343 4805; baseline -0.003 -20"><span class='ocrx_word' id='word_1_565' title='bbox 27 4721 265 4805; x_wconf 78' lang='lat' dir='ltr'><strong>ariticipauerint</strong></span> <span class='ocrx_word' id='word_1_566' title='bbox 297 4720 420 4787; x_wconf 76' lang='lat' dir='ltr'><strong>buriam</strong></span> <span class='ocrx_word' id='word_1_567' title='bbox 451 4727 483 4784; x_wconf 87' lang='lat' dir='ltr'><strong>et</strong></span> <span class='ocrx_word' id='word_1_568' title='bbox 513 4730 680 4803; x_wconf 84' lang='lat' dir='ltr'><strong>praeterea</strong></span> <span class='ocrx_word' id='word_1_569' title='bbox 715 4720 812 4795; x_wconf 83' lang='lat' dir='ltr'><strong>etiam</strong></span> <span class='ocrx_word' id='word_1_570' title='bbox 847 4717 1068 4802; x_wconf 71' lang='lat' dir='ltr'><strong>prouenerint</strong></span> <span class='ocrx_word' id='word_1_571' title='bbox 1101 4715 1343 4798; x_wconf 85' lang='lat' dir='ltr'><strong>aequinoctium.</strong></span> 
     </span>
    </p>
   </div>
   <div class='ocr_carea' id='block_1_7' title="bbox 0 0 1579 5482">
    <p class='ocr_par' dir='ltr' id='par_1_7' title="bbox 0 0 1579 5482">
     <span class='ocr_line' id='line_1_55' title="bbox 0 0 1579 5482; baseline 0 0"><span class='ocrx_word' id='word_1_572' title='bbox 0 0 1579 5482; x_wconf 95' lang='lat' dir='ltr'><strong> </strong></span> 
     </span>
    </p>
   </div>
  </div>
 </body>
</html>
