3134 5482
220 226 280 285 355
738 223 845 286 acragas
872 222 1017 272 chronicae.

106 413 116 441 ⁶
217 398 364 477 Neronis,
387 399 574 482 priusquam
591 418 661 460 eam
677 396 891 480 Vespasianus
913 397 1029 484 majori
1050 397 1118 461 lato
1141 395 1311 482 effugeret,
1331 400 1495 483 jemlacitu

186 565 187 574 ἵ
216 494 281 551 non
304 493 390 552 recte
411 487 539 565 dixerit,
563 506 637 549 mox
660 485 818 570 adtigisse,
863 487 930 550 lmo
952 507 1028 550 vero
1052 486 1185 570 propius
1208 487 1369 552 adducam
1391 492 1496 572 partia
1543 494 1553 530 ¹-

216 575 280 639 lnm
303 597 375 639 snos
398 576 439 640 ad
461 577 638 639 veritatem.
685 575 721 639 111
744 576 843 638 veteri
868 574 1057 639 Galsudario
1080 576 1228 640 Romano
1250 576 1359 640 tribus
1378 579 1500 642 monulus

216 659 350 728 notatur
374 684 455 745 spon
476 664 644 740 lanuario,
669 665 765 747 Majo,
800 664 975 728 Decembri.
1010 665 1136 728 Primus
1160 667 1330 752 Augustus
1348 668 1457 731 Romae
1472 669 1501 732 iu·
1545 664 1546 671 '

215 753 321 817 stituit
337 752 530 834 Augustalis
546 752 687 816 Octobri.
712 752 795 816 Nam
806 751 959 834 Actiacos
976 752 1220 839 Nicopolitanus
1237 754 1318 818 nihil
1334 755 1377 819 ad
1393 757 1503 821 Roman.
1552 760 1563 821 t

215 841 379 904 Secundus
398 843 483 905 Nero
503 842 531 905 N
535 842 689 919 cronium,
712 842 829 904 tertius
848 841 1007 904 Domitius
1024 840 1251 924 Capitolinum.
1288 845 1374 922 Quid
1394 847 1419 910 si
1438 847 1505 926 igitur
1556 823 1562 935 i

215 937 378 993 certamen
403 930 643 1013 quinquennale
662 929 840 1005 ludicrum,
868 950 931 1010 quo
948 929 1092 993 durante
1115 930 1336 1019 Vespasianus
1358 934 1390 997 in
1411 935 1505 998 theatro
1558 951 1559 957 ’

215 1019 368 1082 offensam
391 1019 528 1087 Neronis
551 1020 720 1095 contraxit,
744 1017 940 1080 celebratum
961 1019 1153 1082 Decembri?
1176 1026 1266 1083 certe
1287 1021 1442 1087 Jauusrio
1457 1044 1507 1095 non,

214 1113 306 1190 gesta
329 1109 411 1170 enim
435 1109 543 1190 priore
572 1114 663 1188 parte
692 1108 767 1170 anni
795 1107 882 1193 apud
905 1105 1052 1189 Tacitum
1080 1107 1266 1174 reclamant.
1316 1111 1413 1174 Simul
1438 1113 1507 1192 igitur

215 1194 353 1273 offensus
375 1204 423 1259 est
435 1219 454 1259 a
468 1193 661 1279 Vespasiano
675 1196 770 1272 Nero,
794 1194 887 1281 simul
910 1196 1047 1259 irrincius
1066 1197 1151 1260 venit
1169 1197 1209 1261 de
1229 1198 1372 1263 motibus
1384 1201 1509 1264 iudaeae.

213 1284 312 1349 Recte
334 1286 431 1368 igitur
451 1277 582 1362 (listron,
605 1307 678 1348 1111
698 1288 818 1368 rriajoie
837 1283 902 1348 fato
922 1283 1153 1366 Vespasianum
1177 1284 1328 1367 effugisse
1347 1289 1506 1372 periculum.

214 1373 275 1447 Sed
298 1375 340 1437 ad
363 1382 421 1438 tua
452 1372 643 1453 1111111111
672 1381 881 1438 revertamur.
927 1373 1000 1450 Ais,
1028 1374 1101 1437 inde
1129 1380 1262 1457 patere,
1296 1379 1406 1441 statim
1427 1380 1511 1441 miss

213 1463 351 1526 dudueos
368 1463 408 1525 ad
426 1463 594 1540 Neronem,
619 1463 695 1542 quia
707 1462 832 1526 Cestius
855 1463 1008 1525 statuerit
1027 1465 1213 1545 praeuenire
1225 1462 1380 1544 Florum3
1403 1468 1510 1549 primm
1552 1523 1555 1547 ,

212 1571 275 1612 non
299 1558 429 1633 poterat
452 1552 541 1633 prius
563 1552 690 1613 mittere
705 1550 853 1626 iudaeos,
873 1550 1117 1635 quam‘adeum
1140 1552 1368 1635 perfugissent.
1404 1556 1508 1638 Sipari-
1551 1578 1553 1613 1

212 1639 320 1702 arulum
344 1640 402 1703 hoc
419 1641 450 1703 in
465 1660 556 1703 mora
578 1639 805 1722 perpendisset,
828 1639 963 1702 misisset
986 1639 1226 1720 aliosidorieos,
1250 1663 1311 1704 nec
1328 1652 1511 1727 exspectasset
1552 1673 1554 1684 .

211 1729 352 1792 durlaeos
380 1729 575 1815 transfugas.
622 1728 738 1792 Deinde
761 1744 864 1808 quemi
884 1733 920 1790 tu
944 1733 1039 1810 putas
1063 1730 1211 1793 aCestio
1239 1734 1420 1813 praeveniri
1441 1754 1510 1815 opor·

210 1818 334 1880 tuisse?
356 1817 513 1880 Florum?
536 1819 578 1880 At
595 1817 699 1901 isjam
721 1822 792 1879 erat
815 1823 1023 1900 praeventus:
1046 1817 1118 1900 lege
1134 1819 1232 1894 vitam
1249 1818 1511 1903 sospitates

210 1905 272 1969 luit
295 1908 325 1970 8.
350 1905 538 1969 Novembris
561 1905 593 1967 iu
616 1906 687 1988 ipsa
710 1905 800 1969 clade
817 1905 928 1969 Cestii:
951 1903 1123 1970 Suetonius
1146 1926 1273 1969 sasaim
1296 1910 1344 1973 ait
1364 1930 1384 1971 o
1402 1909 1511 1973 Jrsduei
1547 1918 1551 1925 ’

204 1995 439 2074 promeritam,
465 1998 613 2074 stipatam
643 1994 783 2073 deputam
809 1991 924 2074 Syriae
959 1996 1126 2073 suppetias
1157 1994 1312 2075 suentem
1342 2000 1508 2078 praeposta
1545 1978 1551 2061 i

209 2084 418 2166 Praepositae
440 2083 638 2147 ludaeorum
659 2089 732 2145 erat
747 2082 873 2161 Florus,
896 2083 949 2146 cui
972 2081 1094 2147 Cestius
1117 2084 1228 2166 Syriae
1250 2106 1388 2167 praeses
1409 2091 1511 2150 renem

208 2172 373 2255 suppetias
405 2171 515 2237 latum.
567 2172 683 2251 ltaque
715 2171 839 2236 Cestius
870 2167 1028 2236 tutissime
1058 2173 1163 2254 potuit
1191 2173 1275 2236 iram
1308 2176 1443 2240 Neronis
1465 2179 1511 2258 pu
1550 2238 1551 2242 ,

209 2261 322 2341 utique
339 2261 372 2323 in
384 2281 418 2324 se
430 2280 596 2324 accensam
620 2260 765 2323 derivare
783 2261 815 2323 in
827 2267 1003 2339 mortuum,
1027 2262 1146 2344 utipse
1165 2263 1313 2345 periculo
1336 2263 1510 2329 hheraretu.
1544 2248 1567 2382 ξ

234 2398 237 2401 ’
289 2389 458 2443 Calvisius
477 2391 566 2465 (Epist.
589 2391 677 2457 Vll.):
703 2390 889 2457 Vespasianus
920 2381 956 2442 ex
982 2389 1097 2451 Achaia,
1114 2391 1173 2462 ,ubi
1204 2409 1265 2446 cum
1298 2394 1410 2449 Nerone
1437 2395 1510 2448 luent
1541 2392 1567 2473 Ἰ

209 2486 264 2521 non
291 2486 352 2522 cum
371 2470 479 2522 Nerone
499 2475 626 2530 verteram
657 2486 717 2539 curn
738 2470 862 2521 exercitu
885 2470 1008 2523 terrestri
1031 2470 1127 2524 itinere
1149 2473 1183 2524 ad
1204 2473 1419 2543 Hellespontum
1437 2491 1508 2543 prope
1545 2471 1567 2542 Ι

208 2560 267 2609 rat;
289 2549 326 2601 ibi
348 2548 520 2602 transmissus
542 2549 568 2602 in
589 2548 697 2617 Syriam
717 2565 767 2616 per
786 2549 881 2603 Asiam
901 2549 1030 2603 minorem
1051 2560 1080 2602 et
1100 2548 1222 2605 Ciliciam
1243 2554 1432 2621 proficiscitur.
1467 2553 1557 2678 0111ᾼ

156 2699 158 2704 Ι
209 2628 265 2698 lige
286 2629 404 2697 spatium
425 2628 528 2681 itineris
550 2645 567 2680 a
588 2628 717 2681 Corintho
739 2631 774 2680 ad
793 2630 1001 2696 Hellespontum
1022 2636 1051 2682 et
1071 2630 1134 2682 iude
1155 2632 1189 2683 ad
1204 2633 1397 2687 Antiochiam:
1418 2635 1509 2687 srhdm
1538 2636 1539 2641 ’

202 2715 237 2760 ‘te
263 2708 448 2761 confecturum
475 2706 516 2760 ad'
537 2710 594 2762 500
615 2708 673 2760 tere
694 2709 823 2762 milliaria
842 2709 1015 2778 geriuanics,
1044 2725 1116 2778 quae
1137 2712 1156 2763 4
1177 2712 1313 2766 mensium
1335 2711 1547 2783 spatiositas

207 2805 262 2841 nou
288 2794 449 2856 potuerunt:
480 2794 509 2841 et
534 2795 626 2840 tamen
652 2788 738 2856 primo
765 2805 831 2842 rere
852 2796 895 2842 est
915 2787 1046 2857 insyria
1066 2791 1110 2843 vel
1131 2798 1206 2844 certe
1227 2792 1306 2845 circa
1327 2793 1406 2847 initia
1424 2791 1507 2864 spot.
1537 2789 1567 2864 ᾖ

209 2869 280 2921 sam
299 2885 360 2921 cum
374 2858 527 2921 exercitum
547 2868 700 2920 ordinasset
720 2874 749 2922 et
770 2868 878 2922 auxilia
898 2883 917 2921 a
932 2868 1027 2922 ricinis
1041 2869 1156 2939 regibus
1172 2871 1333 2941 accepisset
1347 2891 1437 2928 meuse
1450 2871 1508 2939 llas
1540 2871 1567 2966 Ἰ

202 2948 386 3015 proficiscitur
406 2948 434 3002 in
455 2947 617 3001 Galilaeae.
690 2978 705 2986 ..
805 3018 809 3025 .
1540 2969 1567 3026 Ι

248 3079 249 3084 ’
296 3055 484 3140 Keplerus
516 3064 605 3130 (Epist
631 3067 731 3130 vina:
763 3055 931 3120 lnfirmum
960 3059 1086 3138 quaeris
1116 3060 1318 3142 praesidium
1349 3059 1382 3127 in
1410 3059 1506 3145 phrasi:
1539 3029 1567 3110 Ϊ

204 3145 304 3208 muse
323 3146 553 3228 Vespasianum
575 3167 647 3209 curn
665 3146 794 3210 Nerone
811 3147 844 3209 in
861 3147 991 3209 Achaia.
1017 3147 1098 3225 Quid
1117 3150 1227 3212 enim?
1249 3171 1318 3215 nou
1337 3152 1440 3234 potuit
1454 3147 1506 3213 tien.
1539 3129 1567 3182 Ι

207 3242 245 3296 ut
263 3239 330 3318 jam
353 3234 427 3312 dixi,
451 3242 489 3298 ut
512 3235 727 3317 Vespasianus
750 3235 880 3316 ignarus
901 3240 967 3318 jam
990 3236 1022 3298 in
1042 3234 1138 3300 ltalia
1161 3244 1248 3301 esset
1271 3238 1446 3304 destinatus
1464 3238 1505 3300 du

207 3324 364 3386 exercitus
386 3323 579 3403 tandemque
602 3345 641 3398 ex
664 3323 795 3400 Achaia,
819 3323 873 3386 uhi
893 3327 961 3407 jam
983 3324 1120 3388 fortasse
1135 3345 1287 3390 :mensem
1311 3347 1385 3392 cum
1408 3329 1505 3392 Neron

206 3412 322 3487 fuerat,
338 3412 544 3475 mit-teretur?
572 3414 650 3476 Post
664 3411 743 3476 haec
753 3411 979 3487 'difficultatem
993 3412 1069 3476 mihi
1087 3434 1193 3477 moves
1208 3416 1400 3498 prolixitate
1414 3412 1505 3480 itineris

207 3516 245 3563 ex
268 3499 389 3564 Achaia
410 3521 468 3583 per
490 3501 599 3564 Asiam
621 3501 654 3565 in
677 3501 812 3583 Syriam,
837 3520 902 3581 qua
924 3522 987 3564 non
1011 3501 1131 3565 ret'utas
1154 3523 1216 3581 me,
1240 3505 1299 3569 sed
1322 3513 1357 3571 te
1378 3501 1504 3590 ipuuinll
1532 3522 1533 3525 ’

207 3609 312 3652 casses
341 3588 476 3653 induis*
505 3591 605 3654 Ecce:
637 3589 684 3653 ais
715 3589 836 3654 cladem
867 3589 963 3654 Cestii
993 3592 1162 3672 contigisse
1190 3591 1323 3658 Juliauo
1354 3600 1431 3668 111,
1457 3608 1503 3655 cm
1531 3607 1538 3661 t

206 3681 301 3742 antea
319 3678 410 3741 'Nero
433 3685 515 3742 esset
539 3679 572 3741 in
593 3679 726 3743 Achaia.
771 3677 890 3742 Audita
913 3679 974 3742 hac
994 3679 1095 3757 clade,
1117 3699 1227 3743 meuse
1249 3681 1337 3746 forte
1359 3677 1503 3749 Decembri·

205 3768 231 3829 si
254 3767 473 3849 Vespasianus
489 3787 551 3830 non
574 3769 678 3850 potuit
705 3773 780 3830 aute
805 3772 823 3828 t
846 3784 978 3831 menses
999 3770 1161 3850 pervenire
1181 3770 1214 3832 in
1235 3770 1412 3848 Judaeum,
1438 3771 1503 3832 uttu
1528 3809 1538 3855 1

204 3856 262 3932 vie,
279 3876 342 3918 nou
361 3857 466 3938 potuit
481 3856 578 3937 igitur
594 3857 681 3919 initio
695 3855 811 3938 Aprilis
827 3856 928 3936 (quod
943 3863 980 3918 tu
994 3873 1123 3920 rursum
1139 3858 1215 3921 anni
1230 3864 1362 3943 tempus
1377 3852 1502 3940 dogna

205 3944 372 4008 anni112.
398 3964 467 4006 esse
487 3944 519 4007 in
532 3944 632 4027 Syria.
668 3944 778 4009 Sinon
802 3965 885 4010 auno
903 3951 976 4022 112,
999 3963 1179 4027 ergoanno
1197 3952 1271 4012 113.
1296 3951 1388 4014 initio
1399 3945 1501 4031 Aprilis
1533 3973 1534 3976 ¹

194 4036 240 4096 -at
263 4033 475 4096 certissimum
498 4039 545 4096 est
572 4034 716 4114 utrique,
741 4032 917 4097 Galilaeam
945 4033 1110 4097 subactam
1137 4055 1201 4098 uon
1230 4044 1308 4120 post
1335 4044 1405 4103 112.
1445 4035 1526 4099 ru,

204 4141 288 4190 anuo
319 4126 390 4186 113.
421 4128 604 4204 competunt
630 4122 693 4185 alia
720 4127 809 4203 gesta
836 4122 1038 4205 apr-iuribus
1066 4123 1227 4188 distincta.
1280 4126 1400 4191 Fetere
1423 4125 1499 4205 igitw
1524 4094 1567 4237 Ξ

198 4207 438 4293 'Vespasianum
461 4211 604 4294 proximo
627 4230 702 4273 rere
716 4231 744 4272 ‘a
767 4211 858 4274 clade
883 4210 979 4274 Cestii
1001 4212 1175 4275 reuissein
1199 4212 1347 4296 Syriarn3
1369 4214 1407 4278 de
1427 4227 1497 4297 potr
1522 4249 1534 4291 9.

119 4299 121 4303 ’
203 4298 328 4362 bilitate
352 4320 477 4363 mecum
504 4300 632 4382 dispice.
679 4300 786 4363 Primo
814 4300 967 4365 Corintho
995 4299 1036 4363 ad
1057 4298 1303 4383 Hellespontum
1328 4302 1496 4367 transmissu
1520 4307 1566 4383 {⁸-

98 4440 101 4445 ,
204 4387 321 4451 dicitur
347 4389 485 4470 navigio,
512 4388 618 4471 potuit
646 4388 783 4452 octiduo.
834 4389 955 4453 Deinde
983 4388 1025 4452 ab
1053 4388 1262 4472 Hellesponto
1289 4386 1492 4475 usquamst

200 4475 308 4540 'chiam
333 4482 395 4541 150
418 4484 493 4541 erint
515 4477 665 4539 milliaria
688 4482 745 4540 aut
767 4476 864 4559 paulo
889 4477 1035 4561 amplius,
1059 4497 1142 4559 (luae
1165 4478 1408 4546 dimexercitus
1427 4489 1490 4555 exat
1526 4484 1550 4561 'fis

204 4565 289 4628 ditus
312 4567 380 4629 sine
402 4566 501 4630 utilite
523 4565 604 4635 tibet
627 4566 708 4628 euim
727 4566 769 4629 ad
786 4567 952 4646 exercitus,
976 4588 1040 4630 uon
1055 4566 1195 4633 ducebat
1217 4570 1340 4635 11111111
1364 4574 1401 4633 10
1414 4561 1488 4628 aas
1533 4607 1535 4616 .
1551 4602 1567 4615 v

138 4700 141 4705 .
192 4655 357 4717 ‘crrnfieere
379 4656 495 4737 potuit.
530 4653 1483 4736 (31111111111111111111111111111111111111111·
1527 4683 1533 4722 ς

205 4735 303 4824 quam
325 4750 360 4806 ut
385 4743 531 4808 citissime
554 4743 733 4827 perueniret
747 4745 777 4807 in
792 4741 939 4827 Sirium?
961 4744 1045 4809 torte
1067 4745 1164 4810 etiam
1180 4754 1216 4812 ut
1232 4748 1367 4831 legiones
1384 4753 1410 4806 et
1426 4750 1480 4813 1¹3⁵
1517 4726 1559 4829 11

1490 4822 1523 5053 l
