3134 5482
215 204 277 264 380
482 282 484 285 Ι
728 203 837 266 Eclogce
862 201 1010 251 chronicae.

294 376 696 462 ,333311333333
724 375 884 460 Josephus
919 396 984 439 non
1013 374 1131 439 diserte
1160 372 1318 451 affirmat,
1345 378 1413 457 3331
1437 373 1490 437 rele

10 500 12 504 Α
101 522 104 528 i
211 469 323 546 gatum
345 465 540 531 Archelaum
562 464 725 528 conditum
744 465 858 542 vicum,
881 464 941 550 sed
957 469 1131 548 postquam
1153 463 1315 546 expedivit
1331 463 1495 539 Archelaum,
1546 530 1548 550 ,

212 555 360 618 transivit
382 554 425 619 ad
448 553 609 618 Herodem
631 559 664 616 et
686 553 867 637 Philippum
898 572 1073 634 eorumque
1104 573 1159 622 res,
1185 558 1307 632 gestas.
1352 553 1455 633 ltaque
1473 573 1498 614 ne
1542 546 1551 615 l

212 642 272 708 hoc
294 643 424 725 quidem
446 648 588 720 certum,
619 641 730 706 eodem
760 663 844 706 anno
869 641 1061 706 Caesaream
1083 646 1116 704 et
1131 640 1271 705 'Juliada
1294 640 1461 718 conditam,
1480 645 1501 703 st
1549 628 1566 744 l

212 730 399 796 nec'illud:
431 732 521 815 prius
545 733 737 797 Caesaream
766 731 945 814 inceptam,
976 731 1036 794 etsi
1049 742 1053 749 ·
1066 730 1304 814 praemittitur3
1334 730 1503 811 insigniorem
1555 745 1556 748 ’

191 819 391 903 praemisit,
1286 843 1288 848 ⁴

186 971 187 975 1
293 930 465 984 Calvisius
484 923 576 998 (Epist,
591 931 638 996 L):
657 931 700 984 Ad
721 937 830 985 sextum
850 938 1050 999 argumentum,
1071 931 1141 1000 quod
1163 927 1247 997 Cujus
1268 944 1342 982 anun
1357 928 1460 982 iuliano
1477 930 1507 982 ll.

213 1011 241 1064 in
253 1010 388 1063 Judacam
404 1010 543 1079 profectus
560 1008 603 1070 sit,
624 1024 733 1078 prorsus
750 1012 853 1064 nullum
869 1011 947 1063 video
959 1012 1163 1064 firmamentum.
1196 1010 1266 1062 Nam
1282 1011 1357 1079 quod
1373 1010 1509 1061 afferturer

212 1089 317 1151 Tacito,
339 1092 409 1158 quod
421 1084 568 1151 -cuirinius'
589 1088 702 1142 Caesari
723 1092 803 1143 dutus
824 1090 861 1142 sit
879 1098 970 1143 rector
989 1090 1106 1143 noudum
1126 1089 1282 1142 vicesimum
1305 1104 1406 1141 nucum
1427 1088 1511 1157 agenti

212 1169 280 1223 illud
304 1166 413 1239 quiden
438 1168 502 1230 scio,
528 1170 575 1220 sed
597 1167 647 1220 hoc
667 1185 800 1239 nusquam
822 1169 936 1236 invenio,
963 1176 991 1221 ct
1011 1184 1078 1222 sane
1098 1174 1141 1221 est
1159 1169 1268 1236 phrasis
1289 1169 1374 1221 valde
1394 1168 1512 1236 ambigue,

211 1265 273 1301 curn
294 1249 377 1301 etiarn
395 1250 437 1309 dev
451 1247 564 1301 decenni
584 1250 628 1301 vel
643 1248 812 1302 duodecenui
825 1264 910 1316 puero
926 1248 978 1301 dici
992 1248 1087 1316 poesie,
1108 1250 1179 1318 qued
1193 1250 1315 1301 nondum
1329 1248 1367 1300 sit
1380 1247 1513 1300 vicesimae

102 1337 105 1348 ¹
213 1343 315 1381 annum
340 1344 435 1398 agens.
477 1328 530 1380 seu
554 1328 642 1395 posito
669 1328 728 1389 hoc,
755 1335 866 1382 exstent
892 1329 961 1381 haec
987 1328 1073 1380 verbe
1098 1328 1125 1380 in
1149 1327 1253 1389 Tacito,
1283 1327 1347 1399 quic
1368 1330 1456 1380 tamen
1477 1343 1514 1379 nor

212 1407 345 1461 libentius
364 1424 401 1460 ea
421 1407 597 1475 interpretari
612 1408 684 1461 uelit
699 1411 738 1461 'de
758 1409 875 1461 nondum
895 1407 1028 1475 completo
1048 1407 1176 1460 vicesimo
1195 1414 1291 1461 'annot

300 1498 497 1583 Keplerus
521 1506 610 1575 (Epist
631 1484 694 1574 11.)':
712 1499 856 1571 Sextum
884 1503 1111 1581 argumentum
1133 1500 1180 1562 ita
1205 1498 1289 1564 sorte
1317 1493 1381 1578 cst,
1401 1499 1454 1575 ut,
1473 1497 1517 1560 33

213 1608 325 1653 omnes
348 1588 512 1676 historiens
534 1586 608 1651 falsi
630 1588 784 1668 angustia,
807 1609 871 1652 non
893 1589 934 1652 313
954 1580 986 1652 id
1003 1587 1219 1652 confossurus.
1254 1587 1362 1652 Nemo
1384 1585 1518 1650 hactenus

210 1698 333 1742 annum
356 1676 496 1758 negavit,
518 1674 578 1741 hoc
602 1682 672 1750 erat
694 1675 958 1757 chronologorum
981 1680 1142 1755 erratum,
1164 1675 1253 1758 quod
1277 1675 1396 1760 Cajum
1423 1674 1462 1738 ad
1481 1695 1517 1737 res

212 1765 349 1830 Herodis
372 1786 435 1833 nou
459 1763 758 1851 applicaruutfflls
778 1765 886 1830 Tacito
905 1786 981 1829 vero
1004 1762 1148 1845 allegavi
1164 1785 1232 1846 ego,
1256 1765 1347 1845 quod
1371 1785 1435 1828 non
1456 1773 1518 1826 erat.

212 1854 329 1919 Glossa
351 1875 424 1921 mea
445 1853 506 1937 1311
527 1854 561 1917 13
577 1853 702 1935 scheda
725 1862 892 1937 expressa,
915 1853 1086 1918 memoriae
1109 1874 1216 1920 causa.
1238 1859 1302 1925 (cer.
1326 1861 1518 1928 33113329.)

214 1941 292 2007 Post
314 1941 439 2024 aliquot
467 1942 535 2006 dies
561 1943 789 2026 superveniens
819 1941 1078 2026 331333333131,
1109 1947 1212 2005 totam
1243 1944 1440 2006 sententiam
1467 1960 1519 2005 esse

126 2077 132 2093 .
214 2029 325 2110 Taciti,
348 2030 403 2096 ubi
427 2036 652 2114 et'nurnerum
675 2051 714 2119 311
729 2028 786 2094 1113
807 2030 923 2096 infelici
941 2025 1282 2113 33113113331133125,
1306 2053 1369 2114 pro
1382 2053 1430 2110 33,
1452 2027 1518 2111 quod

212 2118 327 2184 debuit
350 2126 405 2199 26,
434 2124 471 2181 ut
498 2118 573 2183 solio
600 2119 821 2184 antecedente.
868 2118 968 2185 Taciti
989 2119 1049 2184 1133
1076 2124 1139 2198 331,
1168 2119 1388 2203 proficiscenti
1412 2116 1520 2185 Caesari

212 2208 257 2272 ad
279 2207 631 2291 bellumhrmenicum
661 2208 758 2271 datus
787 2212 894 2272 rector
922 2207 1053 2275 Lollius.
1101 2207 1239 2289 Reliqua
1261 2212 1338 2272 mea
1363 2215 1455 2285 sunt,
1475 2208 1520 2270 vin

214 2297 396 2379 argumenti
419 2295 627 2376 absolventis,
649 2295 792 2360 nondum
815 2297 927 2377 utique
950 2297 1131 2362 vicesimum
1153 2315 1276 2360 annum
1300 2297 1419 2378 agenti.
1457 2296 1519 2360 1133

193 2406 301 2449 3333
313 2383 474 2450 33333331
496 2385 567 2464 1311,
590 2390 698 2449 133131
720 2385 787 2469 1333
810 2383 981 2451 hominurn.
1005 2385 1127 2450 Eodem
1147 2387 1264 2452 aetatis
1276 2407 1365 2449 anno
1377 2388 1520 2466 Augustos

214 2473 327 2539 consul
349 2473 472 2553 factus3
500 2473 684 2539 consulibus
712 2479 855 2538 rectores
878 2495 944 2538 333
966 2474 1138 2554 dantur.*)
1183 2476 1268 2555 Ergo
1292 2476 1373 2556 quia
1395 2473 1520 2538 vicesimo
1565 2533 1566 2551 ,

212 2580 300 2627 anno
323 2561 445 2642 consul,
468 2564 524 2627 ivit
545 2568 621 2627 ante
645 2568 697 2629 20.
735 2562 808 2627 Sed.
821 2583 873 2626 ree
895 2569 1021 2628 constat
1043 2563 1117 2627 sine.
1132 2560 1194 2626 hac
1209 2563 1314 2628 Taciti
1337 2564 1520 2634 euchiritste

133 2678 134 2681 ¹
214 2658 318 2734 atque
341 2652 437 2715 311331
460 2650 528 2715 sine
551 2652 685 2729 Quirinii
706 2652 876 2716 mentione.
922 2658 924 2665 '
949 2662 951 2667 ’

295 2761 469 2819 Calvisius
492 2762 580 2831 (Epist.
600 2765 645 2830 Li:
666 2764 773 2816 Addam
793 2762 853 2823 hoc,
874 2765 944 2832 qnod
967 2779 1037 2816 auno
1057 2763 1167 2816 Juliauo
1177 2761 1224 2817 45.
1235 2762 1279 2815 hic
1296 2762 1437 2831 Quirinius
1452 2761 1519 2814 cens
1563 2813 1566 2837 ¹,

212 2845 318 2902 Romae
339 2858 454 2895 uxorem
474 2841 643 2909 repudiavit,
672 2849 744 2894 teste
764 2842 893 2896 Suetonio
914 2850 943 2896 et
963 2843 1057 2897 Tacito
1079 2844 1164 2907 (Suet.
1186 2841 1212 2894 in
1234 2843 1292 2896 Tib.
1316 2860 1377 2912 cap.
1399 2839 1520 2901 431113
1565 2851 1566 2907 j

215 2924 299 2994 Cujus
320 2939 390 2976 anno
411 2922 521 2975 Julieno
542 2922 589 2975 45.
617 2921 643 2975 in
664 2937 749 2974 causa
769 2922 883 2975 liliorum
902 2923 1018 2976 Herodis
1038 2923 1141 2976 Romae
1160 2924 1313 2990 procedere
1333 2922 1426 2992 pot-nit
1444 2928 1471 2973 et
1490 2928 1519 2971 e·
1564 2920 1566 2982 f

214 3019 277 3057 men
298 3019 331 3054 eo
352 3001 410 3070 ipso
432 3004 503 3055 anno
524 3000 566 3054 ite
586 3000 612 3054 13
633 3002 793 3070 syriuoec
812 3003 975 3057 Armeniam.
997 3038 998 3041 =
1563 3069 1565 3075 Ι

304 3092 497 3178 Keplerus
521 3100 693 3168 (Episc.11.):
722 3094 883 3172 Quirinius
910 3098 1019 3157 131333
1047 3092 1216 3176 1313131133
1240 3091 1385 3176 Lepidae
1411 3088 1520 3174 repudio
1562 3129 1565 3137 »

157 3261 159 3264 ¹
193 3182 195 3189 ’
215 3203 266 3246 133
289 3186 442 3265 coeperat
464 3181 666 3265 perturbare.
710 3182 833 3247 Occidit
856 3183 940 3246 euim
961 3182 1193 3262 tsaceusationel
1216 3202 1355 3245 uxorem
1378 3179 1518 3262 quondan

216 3292 309 3336 suam
339 3277 392 3337 65.
415 3270 561 3350 Juliauo,
585 3271 732 3334 vicesimo
755 3291 794 3333 ex
817 3291 881 3352 quo
904 3271 1140 3354 repudiaverat,
1165 3290 1240 3351 ergo
1263 3277 1422 3335 333346.
1444 3286 1518 3350 repu-
1562 3286 1564 3296 ·

216 3360 325 3424 diavit.
371 3359 454 3438 Quid
477 3360 606 3423 dicam?
636 3359 738 3440 quid?
769 3379 811 3422 an
834 3375 961 3425 necesse
984 3366 1050 3438 est,
1078 3360 1201 3423 Rornae
1230 3359 1331 3423 fuisse
1354 3357 1519 3436 Quiriuiuu,

216 3469 290 3514 cum
313 3468 445 3525 uxorem
467 3448 671 3531 repudiavit?
690 3449 753 3512 imo
776 3446 891 3511 absens
909 3448 1030 3532 potuit.
1075 3449 1145 3513 Mos
1167 3444 1222 3512 ille
1246 3447 1371 3525 creber,
1395 3445 1518 3509 absentes

215 3538 248 3601 iu
271 3536 439 3620 provinciis
468 3557 507 3600 ea
534 3557 645 3618 agere,
672 3557 756 3618 quae
783 3543 969 3620 praesentes
996 3535 1143 3618 agebant.
1187 3536 1257 3602 Imo
1285 3556 1364 3600 vero
1392 3540 1518 3618 praeseus

212 3625 443 3710 repudiaverit,
466 3625 636 3691 defunctus
661 3623 1145 3710 (13113113133333113133113133,
1168 3625 1333 3707 3313333
1357 3631 1410 3688 46.
1433 3615 1517 3687 consul

215 3714 277 3780 suit
309 3713 438 3779 absens.
493 3715 597 3778 Cessit
630 3713 794 3798 splendori
828 3713 1014 3778 consulatus
1039 3715 1201 3792 Quirinius
1236 3714 1314 3794 (etsi
1348 3712 1434 3776 utilis
1461 3710 1517 3789 tajo

159 3807 163 3816 '
216 3802 346 3868 futurus
358 3801 570 3883 consiliis),ne
582 3802 694 3868 consul
706 3806 866 3868 rectorem
880 3800 997 3881 habere
1009 3802 1184 3881 videretur,
1196 3802 1222 3866 si
1233 3799 1406 3867 mansisset
1417 3799 1475 3864 ille.
1483 3799 1516 3869 “l
1558 3820 1560 3845 t

217 3892 268 3956 Tu
297 3891 466 3975 repudioun
496 3891 779 3969 13,45.3331313;
811 3891 838 3955 si
869 3891 1135 3974 4313313313,
1167 3896 1219 3956 65.
1244 3897 1332 3954 esset
1361 3890 1515 3974 3111311311

217 3981 395 4060 vicesimus,
418 4001 457 4043 ex
480 3999 545 4062 quo
568 3980 756 4064 repudiatae
779 3985 1012 4062 contraquam
1035 3979 1109 4044 libri
1130 3978 1262 4044 habent.

298 4076 474 4146 Calvisius
504 4095 593 4160 (Epist
612 4094 658 4159 1.):
690 4092 825 4145 Concludo
851 4091 946 4161 igitur,
971 4097 1137 4163 argumenta
1161 4091 1267 4144 habere
1287 4106 1387 4160 purum
1410 4082 1511 4158 ponden's

218 4174 254 4226 ad
275 4172 380 4225 obitum
400 4169 515 4225 Herodis
541 4171 568 4224 in
588 4188 688 4225 3113331
708 4171 846 4224 Juliunum
867 4173 913 4248 42:
936 4169 1137 4240 conjiciendum.
1178 4171 1286 4224 Deinde
1309 4171 1391 4223 unica
1410 4170 1511 4249 L'senge

219 4252 299 4306 lictae
324 4253 419 4305 Lucae
444 4251 560 4304 assertio
587 4253 620 4304 de
647 4251 783 4312 tricesimo
805 4267 875 4303 anno
897 4249 1006 4312 Christi,
1033 4267 1093 4303 cnm
1118 4249 1316 4321 bapt-isaretur,
1344 4249 1445 4302 ridetur
1466 4250 1512 4293 esur

102 4362 109 4387 ι
218 4351 279 4383 esse
301 4334 335 4384 ad
357 4331 448 4384 331313
467 4338 518 4384 tua
538 4338 704 4400 argumenta
725 4332 881 4384 evertenda.
923 4331 952 4384 Si
974 4323 1512 4409 33131,133131333133131333131111333

218 4421 299 4464 natus
326 4420 399 4464 esset
424 4410 451 4464 in
476 4413 529 4465 1133
555 4410 810 4472 3331131133140,
836 4418 901 4463 tnnc
922 4427 1008 4463 eunus
1028 4410 1154 4463 Julianus
1183 4412 1231 4463 41.
1261 4418 1337 4461 esset
1363 4406 1454 4461 Christi
1474 4416 1509 4468 pss·

299 4643 324 4697 *l
346 4649 543 4710 Argumentum
559 4642 663 4697 inutile.
684 4659 728 4695 res
740 4649 825 4694 cortu.
856 4642 925 4695 Nam
938 4641 1045 4694 omuino
1065 4641 1226 4698 consulis
1248 4648 1341 4694 rector
1361 4630 1504 4691 1311131113.
1554 4652 1560 4702 4

285 4725 325 4783 ”l
347 4724 460 4776 11331113
477 4723 533 4790 ipso
555 4741 624 4776 3333
641 4724 685 4776 le.
709 4725 813 4775 (leuium
830 4723 925 4774 ruissus
941 4725 974 4774 ad
990 4722 1098 4789 t'ajurri.
1115 4719 1174 4787 ι1331
1192 4722 1349 4774 rlrrrreuium
1368 4717 1500 4771 obtinentes
