3112 5474
406 220 531 289 ιιριιι
555 218 816 288 cohaesuram
827 173 928 276 atter.
1010 161 1011 165 .
1096 294 1097 297 J
1273 209 1337 278 327
1389 238 1390 241 ι

24 372 71 429 tarr
83 363 198 447 eoepit,
217 374 297 429 anno
318 364 372 430 42.
391 364 473 430 circa
489 366 769 447 pentecostem-vel
791 374 863 449 post
882 366 1038 451 praesidet
1051 367 1167 450 Romae
1182 370 1213 433 in
1229 379 1348 437 senatu,

20 454 161 519 micorum
181 453 324 536 Augusti.
359 454 457 518 Vides
479 474 659 519 consensum
673 460 807 531 tanturn,
830 477 865 520 ac
888 456 913 519 si
936 477 975 520 ex
996 459 1161 539 composito
1185 457 1338 542 Josephns

20 553 40 608 ιι
55 543 180 607 Romani
202 543 405 626 scripsissent
452 542 583 615 Quidam
608 564 668 606 non
697 545 892 608 attendentes
922 546 961 608 ad
984 553 1083 609 totum
1107 567 1215 630 corpus
1240 570 1338 612 rerum

20 631 162 714 Jestarurir,
178 633 325 714 colligunt
339 653 377 695 ex
392 652 438 709 eo,
460 633 540 714 quod
555 631 648 714 Cajus
663 633 853 715 praesedisse
868 634 979 715 legitur
993 636 1025 697 in
1041 644 1163 712 senatu,
1185 640 1339 701 consulem

20 723 98 796 bisse,
113 729 147 784 et
160 722 313 804 pertinere
333 722 396 785 ista
411 722 451 787 ad
472 741 583 785 annum
604 720 655 797 46,
671 743 781 787 annum
803 724 980 787 consulatus
1002 723 1078 804 Oaji.
1113 727 1160 790 At
1180 746 1239 790 non
1263 748 1339 809 opus

20 819 49 874 ιι
61 811 127 873 ideo
144 817 178 872 et
193 810 388 875 consulem
361 830 426 892 eJus
442 811 512 874 anni
528 830 605 886 esse,
621 811 733 876 sufficit
747 812 880 898 Augusti
895 813 987 875 filiurn
1008 821 1041 875 et
1056 814 1247 895 designatum
1263 836 1337 878 con-

20 901 90 963 ulem
106 919 190 963 esse:
206 899 294 982 idque
312 919 378 963 cam
393 900 479 983 ι11ιι,
495 908 559 979 tum
573 900 765 982 praesertim,
778 901 847 982 quia
862 900 989 976 Judaea,
1005 902 1041 965 de
1053 902 1136 1006 cujus
1147 905 1337 966 successione

20 988 223 1070 lisputabatur,
245 1009 305 1052 non
328 996 397 1052 erat
411 979 492 1053 inter
511 973 700 1065 consulares,
724 990 778 1052 sed
792 989 872 1052 inter
885 991 1017 1070 August
1009 1012 1019 1053 ι
1034 992 1221 1072 provincias,
1243 994 1338 1073 primo

20 1077 181 1153 eneficium,
196 1084 267 1159 post
282 1077 375 1141 etiam
391 1098 476 1161 quasr
469 1078 640 1160 peculium
648 1037 781 1159 Augusti
796 1087 829 1141 et
837 1079 956 1154 Trbern,
972 1088 1043 1161 post
1059 1081 1338 1161 dejecturnArehe-

20 1185 91 1242 rum3
120 1174 155 1229 ut
169 1165 280 1230 Judaei
303 1186 419 1249 quoque
441 1168 588 1229 fatentur:
612 1186 715 1248 regem
736 1186 796 1230 non
811 1166 969 1242 habemus,
990 1169 1048 1232 nisi
1065 1169 1245 1244 Gaesarem
1266 1170 1339 1252 'quin
1388 1249 1394 1255 .

20 1258 86 1337 gitur
99 1256 261 1336 Angustus
275 1255 324 1318 hic
340 1275 400 1318 non
414 1256 482 1338 plus
498 1255 558 1318 lilio
575 1256 706 1319 tribuere
728 1256 828 1336 possit
843 1276 932 1337 quarn
947 1257 1080 1334 senatui3
1116 1278 1286 1340 quanquam
1302 1279 1339 1322 ne

20 1352 120 1407 enatus
136 1344 256 1427 quidem
270 1344 394 1407 habitus
409 1344 544 1425 publice,
564 1345 676 1425 legitur
692 1344 770 1407 enirn
792 1346 953 1408 amicorum
975 1348 1183 1410 tantummodo
1200 1357 1339 1410 senatum

20 1452 190 1498 onvocasse.
220 1432 349 1515 Reliqua
365 1433 457 1514 igitur
473 1433 543 1497 anni
558 1434 609 1496 42.
625 1441 658 1496 et
672 1452 726 1514 per
742 1451 852 1497 annum
867 1434 917 1498 43.
928 1434 1045 1514 justum
1061 1437 1192 1498 occurrit
1207 1436 1339 1517 spatium

20 1523 154 1605 emporis,
171 1523 250 1604 quod
264 1523 353 1585 intra
363 1522 465 1604 Gajus,
487 1531 522 1586 nt
537 1522 714 1604 designatus
730 1521 801 1586 (los.
817 1522 847 1585 in
864 1543 973 1585 annunr
988 1523 1039 1600 46,
1059 1525 1232 1605 provincias
1248 1545 1337 1588 exer-

20 1613 131 1694 itnsqne
153 1611 256 1693 populi
271 1611 402 1683 Romani
418 1612 518 1675 obeat.
562 1611 668 1674 Rediit
690 1611 729 1674 ad
743 1611 840 1692 patris
855 1612 989 1693 Augusti
1011 1614 1187 1694 spectacula
1210 1633 1338 1676 nauma—

20 1701 96 1776 hiae,
118 1699 242 1782 quaein
264 1720 376 1763 annum
398 1701 449 1764 44.
471 1699 622 1776 incidunt,
645 1721 755 1764 annum
777 1701 875 1776 illurn,
897 1721 955 1783 quo
976 1701 1134 1783 Augustus
1154 1703 1241 1766 XIII.
1266 1701 1336 1766 Cos.
1407 1725 1416 1740 ⁸

20 1790 117 1854 nciam
132 1789 226 1853 filiurn
241 1788 272 1852 in
285 1791 383 1852 forum
398 1789 533 1853 deduxit.
576 1786 765 1852 Durantibus
780 1789 962 1871 spectaculis
977 1800 1031 1853 aut
1045 1791 1135 1872 paulo
1152 1799 1223 1872 post
1237 1791 1343 1854 iuliae·

20 1879 180 1960 npudicitia
194 1879 226 1941 in
241 1887 380 1959 apertum
394 1879 540 1961 prorupit,
556 1898 645 1959 qnam
661 1878 698 1940 ob
715 1897 837 1941 causam
852 1878 951 1958 ejecta
967 1888 1015 1942 est
1034 1880 1065 1942 in
1081 1879 1211 1954 exilium,
1227 1898 1335 1960 quarn-

20 1968 146 2031 isesset
160 1974 260 2030 mater
276 1966 344 2050 Caji
367 1976 399 2031 et
412 1967 515 2043 Lucii,
537 1986 613 2030 uxor
634 1967 753 2030 Tiberii.
798 1967 950 2031 Probatur
969 1975 1088 2049 tempus
1109 1989 1146 2031 ex
1165 1968 1337 2044 patercule,

20 2057 139 2138 Jrihunc
161 2056 346 2120 tricesimum
369 2075 479 2119 annum
494 2056 540 2118 ait
559 2064 636 2119 ante
654 2056 842 2119 eonsulatum
864 2056 991 2132 Vinicii,
1013 2057 1149 2138 intellige
1173 2058 1334 2122 exclusive

54 2145 233 2211 Calvisius
256 2146 306 2208 fol
324 2140 382 2209 27
396 2145 556 2227 Epistulae
579 2145 729 2209 (11ιιιιιιιιι
752 2145 924 2220 contendit,
946 2165 1000 2210 suo
1024 2146 1143 2227 quidem
1164 2146 1334 2222 commodo;

20 2235 159 2316 elegatam
174 2253 242 2296 esse
256 2231 370 2303 Juliam
385 2254 464 2299 anno
479 2233 531 2296 45
553 2235 608 2297 sed
630 2235 805 2316 „amphora
827 2235 949 2320 coepit
946 2234 1084 2310 institui,
1105 2242 1244 2298 cwmmte
1264 2241 1337 2297 rota

20 2345 52 2386 ur
62 2344 173 2388 ιιισιιιι
187 2320 293 2387 ιιιίι19
323 2325 448 2386 Tacitus
464 2324 544 2387 enim
558 2323 611 2399 ait,
623 2322 835 2412 Sempronium
851 2322 1022 2387 Gracchum
1045 2324 1085 2387 14
1102 2345 1197 2387 annos
1215 2324 1336 2386 exilium
1438 2385 1440 2390 ,

20 2414 153 2488 ι1ιιιιιι,
173 2411 306 2476 occisum
321 2432 399 2478 anno
415 2411 467 2476 59
475 2411 543 2486 Jal,
558 2413 637 2474 unde
654 2412 800 2494 sequitur,
822 2413 906 2476 illurn
921 2433 999 2476 anno
1015 2413 1066 2477 45.
1082 2414 1130 2475 vel
1146 2412 1197 2476 46.
1213 2412 1335 2492 relega·
1350 2454 1354 2458 -

20 2522 65 2565 una
96 2503 145 2566 At
164 2501 308 2583 quidhoc
330 2501 519 2564 ιι1.1ιι11ιιιι’.9
547 2501 722 2576 Adulter,
714 2502 827 2583 raquis,
848 2502 948 2565 Juliae
964 2502 1020 2566 fuit
1038 2502 1195 2566 Gracchus
1212 2508 1244 2565 et
1258 2503 1335 2564 haec

20 2611 83 2655 ausa
98 2590 202 2654 exilii?
229 2587 309 2662 Quid
324 2590 381 2654 hoc
397 2589 534 2654 adrem?
558 2588 663 2652 Julia
655 2610 723 2671 rpsa
738 2591 876 2671 relegata
891 2598 940 2653 est
956 2611 1034 2654 anno
1049 2590 1102 2653 44.
1117 2592 1336 2672 probatumque

20 2699 52 2742 oe
64 2687 112 2743 est
128 2679 317 2743 documentis
327 2679 523 2754 necessariia;
541 2677 699 2742 Gracchus
714 2687 803 2742 vetus
814 2688 881 2743 erat
868 2679 1011 2742 adulter
1018 2679 1172 2754 Juhae,
1143 2699 1212 2741 ιιιο
1224 2680 1334 2741 etiarn-

20 2788 63 2831 ιιι
74 2769 168 2851 priori
185 2769 249 2849 ejus
268 2769 377 2831 marito
385 2769 428 2831 M.
437 2768 584 2850 Agrippa.
610 2767 645 2832 Si
660 2768 759 2849 potuit
773 2769 869 2831 latere
879 2770 1050 2848 Augustum
1067 2788 1160 2850 usque
1177 2768 1215 2830 ad
1226 2787 1336 2830 annum
1404 2827 1407 2830 ,

20 2857 51 2934 4,
67 2859 169 2939 potuit
190 2858 284 2920 etiam
306 2858 403 2920 latere
423 2857 507 2920 illum
535 2856 661 2920 ulterius
683 2877 776 2939 usque
806 2857 845 2918 ad
867 2877 976 2919 annum
998 2857 1049 2921 45.
1079 2864 1112 2920 et
1132 2864 1197 2921 turn
1218 2858 1337 2920 demum
1413 2915 1417 2932 ,

20 2947 94 3011 uniri.
139 2947 265 3011 Falsum
279 2947 372 3027 igitur
388 2952 452 3021 est,
478 2946 557 3028 quod
572 2947 679 3009 scribis
695 2945 825 3021 Galvisi,
848 2946 986 3009 Tacitum
1002 2946 1112 3022 dicere,
1134 2945 1246 3010 Juliam
1268 2963 1336 3019 esse

20 3037 158 3117 elegatanr
175 3056 253 3099 anno
268 3035 321 3098 45.
350 3036 446 3117 Paulo
462 3043 537 3116 post
549 3035 716 3115 relegatam
730 3033 851 3110 Juliam,
867 3035 1043 3098 decurrente
1054 3037 1120 3116 J'arn
1137 3055 1215 3098 anno
1232 3034 1336 3116 quinto
1384 3030 1389 3044 ’

20 3126 142 3189 tultimo
158 3125 334 3193 tribunitiae
356 3124 522 3207 potestatis
538 3124 666 3199 Tiberii,
689 3123 782 3204 GaJ‘ns
797 3125 951 3205 profectus
974 3131 1023 3188 est
1041 3125 1141 3188 Roma
1163 3144 1229 3186 curn
1245 3143 1333 3186 exer·
1416 3133 1418 3135 ’

20 3213 70 3288 itu,
90 3221 126 3278 ut
141 3214 268 3278 orientis
283 3214 457 3276 moderator
477 3213 589 3276 bellurn
612 3222 718 3276 contra
738 3215 886 3277 Parthum
908 3222 1036 3293 gereret.
1080 3214 1117 3275 Id
1145 3212 1219 3294 ipsis
1243 3231 1332 3293 spec-

20 3304 159 3366 aculorum
188 3303 293 3366 diebus
318 3301 469 3383 agitatum
492 3308 626 3365 testatur
648 3303 740 3365 etiam
763 3301 889 3366 Ovidius
912 3303 948 3365 de
966 3303 1045 3366 Arte
1063 3301 1211 3378 Amandi‚
1233 3300 1283 3384 qui
1298 3320 1334 3363 eo

20 3411 58 3472 pso
72 3401 218 3475 tempore,
234 3411 301 3455 curn
316 3391 388 3454 belli
403 3391 522 3454 navalis
536 3391 667 3471 imagine
685 3390 801 3455 Caesar
816 3392 946 3454 satiaret
961 3393 1064 3460 oculos
1078 3391 1212 3467 Romae,
1234 3389 1336 3472 pergit

20 3502 115 3545 ruere:
138 3501 207 3545 eece
217 3486 316 3563 parat
333 3476 469 3554 Caesar,
492 3480 609 3544 donoro
631 3481 714 3562 quod
735 3480 935 3564 desultordi,
956 3479 1114 3551 Parthiam
1130 3501 1172 3543 sc.
1188 3480 1359 3560 subigere..

20 3570 136 3654 ideoque
158 3570 332 3634 coincidunt
352 3569 430 3645 ista,
450 3576 486 3631 (ιι
506 3569 615 3632 nedum
630 3569 748 3652 quidem
769 3568 890 3650 prodita
903 3567 1117 3643 fueritiuliae
1139 3569 1335 3651 impudicitia.

20 3659 62 3722 lon
88 3659 264 3741 scripsisset
285 3659 365 3722 eninr
387 3657 514 3722 Ovidius
537 3658 574 3721 de
596 3657 775 3733 Amoribus,
803 3657 830 3722 si
852 3657 919 3738 J'arn
947 3659 1097 3740 erupisset
1124 3659 1171 3722 ira
1192 3656 1334 3738 Augusti.

20 3747 72 3811 iarn
91 3749 119 3812 is
140 3749 172 3812 in
196 3742 298 3811 omnes
321 3747 537 3810 animadvertit
558 3748 710 3829 nequitiae
731 3747 809 3810 filiae
832 3766 905 3809 suae
927 3747 1098 3812 ministros:
1130 3747 1195 3830 quis
1220 3745 1335 3821 eredat,

20 3838 90 3901 aetia
117 3838 202 3902 illum
225 3837 338 3920 aliquid
366 3837 459 3899 fuisse
481 3835 689 3911 remissurum,
717 3855 792 3917 qnos
815 3836 977 3900 verisimile
1002 3845 1051 3899 est
1078 3836 1190 3918 legisse
1214 3835 1336 3911 Juliam,
1420 3869 1422 3874 ·

20 3932 96 4007 tpote
107 3925 252 3992 Caesaris
267 3926 373 4002 filiam,
395 3925 521 3989 delicias
535 3925 664 4008 undique
681 3884 921 4029 harponantem?
950 3926 1096 4007 Adeoque
1115 3934 1147 3987 et
1161 3926 1238 3988 haec
1248 3922 1336 3987 Julia

20 4013 112 4079 idetur
125 4014 238 4079 Ovidio
255 4035 348 4079 eausa
363 4009 456 4078 fuisse
473 4008 569 4088 exilii,
592 4034 646 4077 seu
661 4015 796 4077 earmina
816 4013 875 4095 ipsi
894 4035 953 4082 sua
974 4014 1089 4078 crimini
1081 4014 1194 4088 data,
1217 4034 1270 4076 sen
1285 4014 1334 4077 in-

20 4122 83 4185 uper
97 4112 255 4187 spectator
270 4104 362 4168 fuerit
377 4122 488 4207 eornm,
504 4122 580 4184 quae
597 4103 677 4183 apud
692 4103 775 4168 illam
789 4104 905 4167 fierent.
942 4102 995 4191 Sic
1011 4103 1090 4167 enim
1105 4102 1239 4185 queritur
1254 4103 1335 4184 ipse:

20 4212 72 4267 ,ιιι
85 4193 208 4277 aliprsid
221 4194 297 4267 uidi,
314 4192 483 4257 cursorio
497 4189 714 4274 luminoseee!
771 4225 772 4231 ι

79 4283 127 4346 Ex
142 4283 247 4346 eodem
265 4281 374 4346 Ouidio
392 4289 424 4344 et
438 4282 496 4345 hoc
510 4281 668 4356 habemus,
684 4279 791 4361 Gajnm
807 4287 878 4343 tunc
895 4280 993 4345 adhuc
1005 4300 1130 4362 puerum
1145 4280 1254 4354 fnisse,
1275 4279 1334 4343 ad-

20 4367 59 4432 huc
70 4372 229 4454 principem
239 4371 411 4461 juventutis
427 4370 608 4445 salutatum
632 4370 763 4433 nondum
784 4369 909 4472 gloriari
930 4371 1065 4472 potuisse
1088 4371 1151 4433 ulla
1165 4390 1198 4433 re
1214 4369 1335 4433 fortiter

20 4467 92 4534 rata
118 4460 201 4525 Nihil
216 4460 345 4525 horum
337 4459 454 4523 invenit
469 4457 614 4534 Ovidius,
637 4478 704 4521 curn
721 4459 821 4522 omnia
836 4458 1038 4540 conquireret;
1062 4460 1129 4522 sola
1145 4479 1198 4541 spe
1214 4458 1334 4540 generis

23 4544 109 4610 nititur.
151 4550 315 4615 consentit
335 4550 435 4624 hisce,
457 4547 536 4630 qnod
560 4506 682 4610 additus
703 4547 747 4611 1111
763 4548 820 4611 1ιί1
841 4556 941 4610 rector
958 4548 1128 4628 juventutis
1151 4549 1193 4611 Μ.
1205 4547 1333 4624 Lollius,
1442 4614 1444 4618 ,

27 4622 62 4712 qui
75 4655 164 4703 eones
185 4639 229 4703 illi
250 4638 338 4704 fnit'
330 4659 361 4702 ιιι
383 4595 505 4720 Syiiam
525 4654 628 4720 usque.
672 4636 814 4703 Nondum
835 4636 928 4718 igitur
950 4635 1028 4702 Cos.
1042 4645 1114 4701 tunc
1136 4636 1250 4701 fuerat:
1273 4657 1335 4704 non
