3112 5474
184 245 251 319 288
687 266 1024 332 memorandae

185 412 315 479 materia
328 413 413 476 varie
434 414 516 476 inter
535 418 575 475 se'
586 412 756 493 digladiari.
786 415 868 479 Nam
880 422 916 477 ut
930 432 970 477 ex
985 413 1094 477 attritu
1109 413 1181 477 ferri
1196 421 1230 477 et
1242 413 1356 495 pyritis
1376 413 1502 488 scindite,

185 504 229 567 sic
245 523 284 566 ex
299 502 440 566 conflictu
456 502 676 567 sententiarum
691 504 806 567 veritas
828 503 956 568 elicitur.
998 504 1204 584 Disputsntes
1219 502 1302 566 enirn
1324 504 1423 567 omnia
1437 504 1506 567 etian

185 592 430 660 reconditissima
444 598 576 667 movent,
591 592 665 655 nihil
680 593 831 657 intactum
845 599 1052 676 praetereunt
1081 594 1191 675 Itaque
1207 592 1234 655 si
1249 593 1290 656 lis
1306 593 1434 676 denique
1446 612 1509 657 cour·

59 742 61 747 .
183 691 326 765 ponatur,
347 681 374 745 si
389 681 472 762 parti
486 681 575 748 elteri
592 682 630 744 ab
647 683 747 745 altera
760 683 909 758 ,sedehat
932 683 958 745 si
974 701 1033 747 non
1048 683 1165 765 pudeat
1182 683 1394 763 ignorantiam
1406 683 1512 764 prioreu

183 773 284 847 fateri,
299 789 432 834 errorem
445 771 612 852 deponere,
633 772 767 835 vincenti
783 771 952 835 rationibus
968 772 1143 847 concedere,
1166 778 1231 834 tunr
1246 772 1371 836 demum
1385 781 1418 836 et
1430 780 1515 854 parter

184 869 218 924 et
232 861 282 943 qui
296 879 416 943 pugnae
433 868 625 940 spectatores
641 861 724 940 fuere
740 861 778 924 de
793 869 878 925 rnota
893 861 1071 943 quaestione
1087 860 1424 937 unanimes'laetantur,
1438 862 1515 944 deque

183 959 273 1014 eruta
286 948 317 1013 in
333 949 576 1013 lucemucritate
593 949 650 1013 sibi
665 950 867 1031 gratulentur.
908 951 984 1020 ,Ideo
999 951 1088 1014 uobis
1102 950 1192 1013 hodie
1214 957 1305 1024 tanto
1327 952 1428 1033 magis
1443 971 1517 1033 open

184 1039 286 1102 danda
301 1047 364 1114 eat,
387 1058 477 1121 quarn
491 1038 661 1115 veteribus,
683 1047 797 1122 quanto
811 1040 990 1104 remotiores
1007 1040 1046 1104 ab
1062 1047 1167 1104 aetate
1183 1039 1302 1105 Christi
1317 1059 1433 1116 surnus,
1446 1059 1517 1123 quru

56 1200 60 1211 ‚
183 1129 251 1212 ipsi.
296 1128 447 1191 Vanescit
475 1128 554 1191 enim
576 1128 690 1192 sensim
712 1130 744 1192 in
767 1130 920 1199 mentibus
943 1129 1058 1193 nostris
1080 1129 1275 1211 antiquitatis
1299 1130 1374 1194 idea
1397 1131 1517 1212 genuina,

183 1217 354 1300 labiturque
373 1226 514 1299 tempus,
537 1218 785 1299 agglomerantur
808 1220 928 1294 secula,
951 1238 1009 1282 nec
1033 1219 1109 1282 certi
1133 1238 1234 1282 sumus
1256 1219 1316 1282 hoc
1342 1221 1410 1302 ipso
1432 1220 1515 1282 seculo

183 1306 378 1370 novissimum
392 1307 508 1372 instare
525 1307 613 1382 dionr,
629 1309 712 1389 cujus
727 1308 933 1389 ignorantiam
947 1328 1008 1372 non
1022 1308 1235 1390 puduit'tilium
1249 1307 1353 1389 ipsum
1368 1310 1428 1371 Dei
1440 1328 1514 1390 prae

182 1397 324 1472 tendere,
346 1396 417 1478 quia
438 1396 580 1459 voluutas
594 1398 654 1461 Dei
676 1417 737 1461 nou
751 1404 841 1479 erat,
856 1405 892 1461 ut
906 1398 991 1462 illurn
1011 1398 1166 1462 sciremus
1208 1398 1428 1478 Evigilaudum
1440 1399 1514 1480 igitur

183 1494 233 1552 est
247 1485 334 1550 nobis
350 1505 367 1547 e
381 1485 463 1549 mille
478 1505 625 1549 annorum
638 1494 781 1562 veterno,
802 1488 1016 1552 connitendum
1036 1487 1077 1551 ad
1093 1493 1269 1552 accuratam
1291 1480 1512 1570 disquisitiones

181 1592 292 1658 rerum*
302 1577 461 1651 bonarum,
482 1595 556 1639 curs
576 1576 786 1657 posteritatis,
808 1596 845 1641 ac
867 1576 893 1639 si
915 1595 1067 1658 nunquam
1081 1576 1135 1641 illa
1148 1576 1287 1640 desitura
1301 1577 1355 1652 sit,
1381 1577 1464 1640 nobis
1477 1584 1512 1639 est

181 1664 389 1747 suscipienda,
421 1665 645 1728 occurrendum·
660 1664 831 1729 calamitati
861 1665 1120 1751 luctuosissima,
1149 1685 1239 1748 quarn
1262 1666 1402 1729 intentat
1424 1684 1510 1729 monu-

180 1755 292 1818 mentis
317 1754 450 1836 antiquie
473 1754 637 1818 hodiernus
661 1762 833 1819 contemtus
867 1763 900 1818 et
922 1756 1139 1826 convalescens
1168 1754 1304 1837 quotidie
1336 1757 1510 1821 novatiouuu

181 1844 322 1907 studium.
402 1868 405 1875 ·
843 1886 845 1891 -

179 1947 190 1990 .·
266 1933 318 1997 Ad
334 1933 460 1997 eundem
474 1933 577 2015 itaque
593 1934 696 2009 linem,
712 1934 817 2001 'lector
831 1933 942 2020 amice,
965 1935 1173 2015 comparatam
1188 1951 1258 1997 esse
1281 1941 1408 1998 censete
1427 1933 1509 1996 vent

180 2021 325 2087 lationem
346 2016 426 2087 banc
447 2022 636 2105 quaestionis
657 2022 881 2099 nobilissimae,
903 2022 1017 2087 editam
1038 2023 1122 2104 prius
1145 2042 1225 2086 anno
1249 2021 1354 2098 1606,
1371 2023 1508 2104 jamvero

180 2122 293 2176 recens
302 2112 433 2176 revisam
448 2113 526 2175 etin
542 2112 775 2176 commodiorem
789 2113 926 2177 ordinem
940 2113 1106 2188 redactam,
1117 2112 1237 2194 quippe
1253 2132 1334 2194 quae
1349 2112 1509 2195 opponendi

161 2201 238 2266 ›ruir
260 2201 456 2284 explicationi
477 2202 726 2277 intricatissimae
751 2203 898 2275 Doctoris
918 2202 1057 2278 Helisaei
1077 2201 1197 2265 Roslini
1231 2209 1264 2264 et
1289 2202 1508 2283 oppositionibus
1550 2275 1553 2278 ⁴

181 2290 271 2357 Sethi
293 2289 419 2355 Calvisii
440 2292 615 2372 chronologi
639 2292 806 2366 nonnullis;
837 2311 876 2355 ne
900 2292 938 2354 iis
952 2291 1156 2357 offenderetis
1180 2298 1235 2353 aut
1259 2290 1416 2354 desertum
1439 2309 1507 2354 ans
1550 2279 1553 2322 ²

80 2392 81 2395 ’
179 2380 381 2464 patrocinium
395 2380 537 2444 veritatis
559 2382 700 2462 conqueri
715 2400 832 2463 posses,
878 2378 939 2451 Qui
957 2381 1078 2462 quidem
1092 2380 1221 2443 libellus>
1232 2387 1360 2460 praeter
1379 2380 1507 2444 utilitate

175 2467 329 2535 hacteuus
359 2468 529 2552 explicatas
558 2470 653 2533 etiarn
681 2470 761 2534 hano
791 2470 847 2534 tibi
876 2470 1047 2545 exhibebit,
1075 2476 1112 2531 ut
1135 2469 1252 2532 habeas
1283 2470 1366 2552 quod
1394 2469 1507 2553 prolenis
1549 2469 1552 2479 '

181 2559 406 2625 Christianismi
428 2559 600 2624 irrisoribus
622 2577 661 2622 ex
673 2559 798 2640 Epicuri
820 2559 926 2622 schola
938 2557 1154 2640 argutautibus
1174 2551 1318 2639 (quorum
1340 2559 1429 2623 hodie
1448 2560 1508 2622 inter

93 2654 96 2658 ⁴
179 2648 315 2714 Judaeoe
336 2643 542 2730 potissimum,
563 2649 619 2712 sed
634 2649 712 2712 etin
728 2647 972 2713 Christianorum
992 2647 1205 2712 celebrioribus
1221 2648 1313 2723 aulis,
1334 2648 1366 2711 iu
1381 2648 1507 2731 emporiis

179 2741 211 2802 in
235 2738 390 2822 populosis
412 2739 537 2803 urbibus
564 2757 623 2801 non
648 2757 746 2820 parva
764 2746 814 2801 est
834 2738 1036 2819 frequentia),
1059 2737 1110 2801 ubi
1135 2756 1254 2801 errores
1279 2757 1373 2802 aerae
1397 2745 1506 2808 nostrat

177 2837 325 2910 tanquam
341 2829 564 2892 conclamatam
577 2847 703 2891 caueam
718 2835 856 2891 struens
871 2828 959 2890 Ilium
974 2828 1031 2891 tibi
1046 2826 1221 2908 objecerint,-
1244 2845 1392 2907 opponas,
1412 2844 1505 2910 quoquc

179 2937 240 2982 non
254 2919 329 2999 ipsis
345 2924 515 2981 tantum‘os
530 2918 670 2992 obtures,
692 2916 747 2980 sed
762 2917 861 2979 eriam
870 2924 955 2979 tuum
968 2917 1065 2999 ipsius
1080 2916 1213 2979 animum
1234 2910 1377 2980 obfirmas
1392 2915 1503 2996 exemplo

179 3008 267 3090 hujus
282 3007 463 3088 objectionis
478 3007 602 3070 tandern
616 3006 746 3070 feliciter
762 3006 933 3092 discussae,
955 3025 1013 3089 quo
1035 3006 1133 3071 miuus
1155 3005 1206 3068 illc
1221 3005 1413 3083 vacillet,.si
1434 3006 1503 3068 etiau

179 3097 210 3160 iu
234 3104 339 3163 cetera
362 3095 558 3161 Christianae
571 3096 735 3177 religionis
759 3103 873 3176 puncta
897 3095 1106 3178 sycophantae
1132 3095 1177 3159 illi
1199 3095 1359 3176 speciosas
1383 3095 1501 3178 quasdru

180 3186 374 3267 objectiones,
389 3187 516 3268 quarum
530 3185 641 3267 solutio
657 3186 714 3248 tibi
729 3204 789 3252 non
806 3184 912 3248 statim
921 3193 1071 3261 occurrat,
1086 3185 1171 3249 velut
1180 3184 1295 3248 arietes
1311 3189 1500 3250 suttorneutr

180 3275 353 3338 direxerint
605 3294 608 3303 ·

561 3660 563 3667 ‘
684 3662 688 3671 ’
744 3630 879 3729 Caput
897 3627 946 3703 11.
972 3712 974 3719 ,

221 3814 276 3878 An
289 3813 367 3876 tues
380 3818 469 3876 cerm
483 3807 621 3893 aoeplirrs
636 3806 761 3891 aliquid
765 3814 931 3892 musam
936 3805 1277 3889 poecitirrerwdctioae
1291 3807 1470 3891 mulieris

310 3908 555 3983 merccqucm
565 3900 750 3981 praestitere
764 3899 865 3963 sorti
879 3903 1087 3962 macerarer
1100 3903 1147 3961 tot
1157 3904 1242 3961 retro
1258 3897 1397 3968 semelae!

266 4081 348 4145 Sunt
362 4087 474 4155 autern,
489 4078 596 4160 quibus
611 4077 775 4151 absurdum
791 4095 859 4140 esee
875 4075 1005 4151 videtur,
1019 4074 1134 4157 aliquid
1140 4074 1232 4139 hodie
1248 4075 1371 4142 demum
1385 4079 1415 4141 iu
1426 4077 1498 4139 luccu

177 4172 305 4253 proferri
320 4171 357 4233 de
367 4167 604 4233 circumstantiis
618 4167 791 4230 nativitatis
802 4165 927 4240 Christi,
943 4165 1023 4246 quod
1038 4184 1092 4246 per
1108 4165 1240 4229 sedecim
1257 4169 1364 4232 secula
1374 4164 1497 4232 omres

178 4281 234 4325 nos
256 4261 390 4324 latuerit
428 4256 545 4330 Quibus
567 4264 602 4318 ut
622 4256 839 4336 respondeam,
860 4255 947 4320 initio
970 4255 1091 4336 quidem
1105 4273 1219 4336 negare
1241 4276 1304 4320 non
1318 4255 1449 4340 possum,
1466 4258 1499 4316 tot
1533 4327 1535 4330 Α

177 4349 395 4414 mutationibus
410 4365 575 4429 regnorum
587 4346 669 4409 orbis
684 4354 835 4409 terrarum
846 4345 922 4410 inde
935 4365 954 4406 a
968 4352 1042 4408 nato
1052 4343 1187 4420 Christo,
1200 4352 1253 4408 tot
1261 4347 1352 4425 novis
1366 4342 1500 4426 insugula
1532 4351 1546 4385 ’ὴ

12 4513 18 4529 Ι
176 4458 253 4522 pene
269 4438 373 4502 secula
388 4436 595 4502 exorientibus
609 4435 793 4510 nationibus,
807 4434 918 4514 linguis
929 4441 961 4496 et
969 4433 1111 4509 moribus,
1127 4434 1270 4498 eticctanr
1279 4455 1360 4512 esse,
1374 4444 1444 4499 utet
1455 4432 1499 4496 dr·
1533 4474 1537 4502 π.

143 4548 147 4555 ·
178 4528 380 4592 cumstuntiae
403 4535 572 4609 temporum
593 4525 660 4587 nati
677 4522 793 4587 Christi
815 4524 914 4586 minus
936 4523 1026 4588 hodie
1048 4523 1139 4604 vulgo
1159 4522 1373 4606 intelligamus
1394 4534 1425 4590 et
1442 4538 1501 4588 ucri
1535 4560 1552 4609 3

178 4618 311 4701 quotidie
333 4616 389 4681 sed
411 4617 545 4681 absurda
566 4613 763 4678 fundamenta
784 4613 939 4677 eruendae
965 4612 1108 4677 veritatis
1131 4632 1288 4704 novasque
1311 4615 1502 4698 persam
1536 4610 1552 4619 ’

177 4708 346 4782 afferamus,
360 4707 467 4788 quibus
483 4724 533 4791 res
549 4706 629 4767 illius
645 4704 738 4779 seculi
753 4720 912 4784 perperam
927 4703 1100 4766 metiamur:
1124 4701 1232 4784 quibua
1255 4704 1295 4767 de
1319 4707 1420 4770 causis
1432 4702 1504 4769 intn'·
1547 4774 1549 4779 ⁴

148 4860 149 4863 ,
177 4798 275 4860 catior
289 4795 379 4864 hodie
394 4795 479 4860 lacta
493 4800 544 4859 est
557 4794 634 4858 haec
649 4792 788 4875 quaestio
803 4811 895 4875 quarn
909 4799 978 4854 erat
993 4791 1072 4855 olinr
1117 4789 1182 4856 Sed
1202 4801 1236 4856 et
1250 4794 1329 4859 illud
1344 4797 1431 4861 troile
1444 4812 1505 4858 cor·
1541 4842 1542 4845 ι
