3142 5476
216 231 278 298 1³8
683 248 789 319 uepres
800 249 1072 315 sumomonte.
1180 329 1186 342 Ι

212 393 371 474 suffragari
390 391 538 456 videntur.
573 392 620 455 At
639 410 687 454 me
708 392 867 454 confirmat
887 392 983 474 primo
1006 393 1111 455 tabula
1133 390 1418 466 Genethliacurnm,
1439 394 1470 454 in
1488 410 1540 473 qua

211 482 409 564 disponuntur
429 482 500 544 anni
521 481 640 563 Regum
656 480 823 562 Babylonis
845 488 878 542 et
899 482 1009 544 dantur
1030 477 1209 567 Nabonnido
1231 482 1302 545 anni
1324 482 1385 557 343
1417 482 1541 544 secundo

211 572 338 643 annales
351 572 548 645 Phoenicum,
569 590 608 633 ex
630 589 753 651 quarum
774 571 832 633 fide
854 570 893 632 ab
915 571 1039 633 interitu
1054 571 1187 634 Ithobali
1209 577 1241 633 et
1261 578 1356 652 'capta
1376 572 1459 652 Tyro
1477 577 1542 651 post

212 660 376 723 obsidionis
391 679 486 723 annos
509 659 549 722 13
564 666 759 722 numerantur
779 660 850 722 anni
866 659 905 722 41
931 660 971 721 ad
993 659 1109 722 initium
1125 658 1197 742 Cyri
1211 660 1366 723 Persicum
1388 660 1438 722 vel
1451 659 1542 723 Asia-

211 751 318 826 ti'cum3
341 750 433 811 tertio
448 749 609 824 Diodorus,
625 748 674 830 qui
688 748 827 811 Amasidi
843 749 898 811 dat
913 767 1008 811 annos
1022 748 1080 823 os;
1103 757 1211 830 quarto
1227 748 1387 831 Scriptura
1402 748 1452 823 S,
1473 766 1542 828 quae

211 859 306 902 annos
329 833 371 901 70
387 838 576 919 captivitatis
598 837 703 918 incipit
725 838 838 900 diserte
861 844 991 918 acepta
1011 839 1085 900 urbe
1107 846 1141 900 et
1162 839 1264 901 exciso
1286 838 1420 919 templo;
1443 837 1540 919 quinte

211 928 347 992 historia·
360 927 506 990 Judithae
529 925 682 1007 applicata
703 925 743 1001 ad
763 926 912 988 Herodoti
931 945 1019 1007 reges
1040 928 1197 990 Medorum
1219 934 1251 990 et
1269 928 1450 1001 Persarum,
1472 946 1541 1008 quae

210 1017 326 1080 initium
335 1015 485 1097 Cyaxaris
501 1017 617 1079 confert
631 1015 662 1077 in
680 1016 728 1077 12.
738 1014 886 1096 Nabopol.
914 1015 1021 1096 Itaque
1030 1017 1177 1080 Berosum
1191 1016 1221 1078 in
1230 1017 1423 1102 Nabonnido,
1437 1017 1541 1078 Mane-

209 1107 333 1169 thonem
362 1113 394 1167 et
414 1105 602 1168 Herodotum
622 1104 654 1168 in
675 1104 821 1167 Amaside
851 1105 1005 1166 commode
1028 1107 1102 1186 juvo
1127 1113 1159 1168 et
1183 1105 1308 1168 concilio
1334 1125 1402 1168 cnm
1427 1105 1541 1168 ceteris.

209 1195 326 1260 Contra
341 1201 479 1276 quartum
494 1194 583 1273 objici
598 1192 686 1267 solet,
701 1194 810 1255 Jerenr.
826 1192 885 1267 29,
896 1194 944 1256 10.
957 1194 1089 1275 incipere
1108 1204 1204 1256 annos
1221 1190 1270 1259 70
1286 1217 1304 1257 a
1319 1203 1413 1276 capto
1428 1194 1539 1258 Jeche·

208 1284 266 1347 nia
295 1284 491 1364 Respondes,
512 1282 595 1344 illum
609 1282 719 1344 ibidem
735 1282 827 1344 etiarn
841 1283 1019 1363 prophetari
1033 1284 1070 1346 de
1086 1283 1202 1346 excidio
1218 1285 1331 1365 templi.
1376 1284 1541 1347 Pnaeterea

208 1394 232 1438 c
248 1373 299 1449 25,
317 1373 366 1436 11.
382 1372 441 1435 dici
455 1378 562 1453 posset
576 1390 680 1453 aeque,
693 1371 785 1452 incipi
800 1371 869 1434 illos
885 1367 927 1435 70
943 1373 982 1435 ab
998 1392 1076 1435 anne
1091 1373 1121 1436 4.
1130 1374 1260 1449 Joahim,
1280 1374 1360 1454 quod
1375 1380 1481 1436 tamen
1494 1391 1540 1435 re·

207 1462 342 1545 pudiant,
359 1462 407 1544 qni
422 1463 480 1524 hoc
497 1460 649 1541 objiciunt
1420 1510 1422 1513 .

143 1570 147 1573 ’
294 1552 415 1632 Apryes
431 1557 498 1613 erat
512 1549 611 1613 hostis
625 1549 941 1625 Nabuchodonosoris,
957 1550 1156 1631 confugerunt
1171 1551 1250 1614 enim
1265 1551 1305 1614 ad
1320 1570 1387 1613 eum
1403 1551 1540 1632 reliquiae

74 1696 86 1720 ,
207 1641 404 1715 Judaeornm,
425 1647 460 1703 nt
475 1640 533 1702 tuti
550 1645 656 1701 essent
677 1661 697 1701 a
711 1637 884 1703 Chaldaeis.
914 1640 1021 1721 Itaque
1036 1641 1116 1703 inter
1130 1640 1218 1704 initia
1232 1642 1318 1722 regni
1332 1648 1409 1721 putu
1425 1642 1540 1714 facturn,

208 1730 287 1812 quod
308 1729 415 1792 scribit
428 1729 618 1803 Herodotus,
639 1728 766 1810 Apryen
789 1747 855 1791 cum
871 1727 1005 1791 Sidoniis
1028 1738 1060 1791 et
1074 1729 1174 1810 Tyriis
1195 1748 1297 1810 pugna
1319 1729 1422 1792 navali
1439 1730 1539 1792 decer-

208 1827 291 1881 tasse
297 1836 307 1893 ;
318 1826 363 1881 ¹et
377 1818 530 1881 Diodorus
551 1817 660 1892 refert,
681 1818 780 1898 ipsum
795 1816 927 1899 Cyprios
946 1826 979 1879 et
993 1817 1174 1881 Phoenicios
1196 1819 1311 1899 ingenti
1325 1836 1430 1900 pugna
1445 1818 1539 1882 navali

206 1926 376 1991 superasse.
419 1908 492 1971 Fuit
507 1906 586 1969 enim
600 1907 765 1969 Phoenicia
780 1906 944 1971 Chaldaeis
959 1907 1134 1981 tributaria,
1156 1907 1216 1970 etsi
1232 1915 1303 1971 ante
1318 1927 1434 1988 pancos
1450 1926 1539 1970 annos

206 1998 263 2061 snb
287 1997 418 2061 Sedecia
442 1997 634 2060 desciverunt
657 1996 756 2076 Tyrii,
787 2015 911 2076 quornm
935 1997 975 2059 ad
999 1996 1143 2060 ditionem
1167 1998 1205 2059 ab
1230 1997 1354 2079 antiqno
1380 1997 1539 2079 spectabat

204 2087 369 2172 Phoenicia
386 2094 423 2162 et
443 2084 570 2167 Cyprus.
605 2085 654 2148 De
675 2084 801 2159 Sidone,
825 2084 939 2167 Cypro,
958 2084 1122 2149 Phoenicia
1137 2105 1187 2149 res
1203 2094 1252 2148 est
1268 2093 1361 2149 certa
1398 2087 1447 2150 De
1463 2087 1537 2167 Tyro

204 2176 339 2240 nonnihil
361 2175 479 2251 dubito,
508 2194 598 2256 qnam
618 2175 709 2254 paulo
730 2182 802 2255 post
822 2174 898 2238 haec
915 2174 1088 2239 Chaldaeus
1110 2193 1284 2256 oppugnare
1305 2175 1422 2257 incipit,
1445 2175 1539 2240 hostie

203 2265 362 2347 Aegyptii.-
389 2265 471 2327 Fieri
486 2271 637 2345 tamenfet
651 2263 709 2326 hoc
723 2264 831 2344 potuit

206 2390 211 2399 -
292 2350 436 2416 Mendnm
449 2354 480 2417 in
489 2354 510 2418 J
511 2354 623 2433 osepho
640 2353 780 2433 agnoscit
795 2351 948 2434 Scaliger:
966 2347 1015 2428 ,,7.
1025 2373 1104 2416 anno
1118 2353 1428 2418 Nabuchodonosoris
1444 2353 1541 2433 coepit

207 2445 346 2508 obsidere
361 2441 504 2524 Tyrnm“,
519 2460 574 2522 pro
591 2462 648 2523 quo
665 2448 748 2506 recte
764 2442 840 2523 legit
853 2441 1006 2523 Scaliger:
1025 2438 1074 2518 ,,7.
1085 2463 1163 2506 anno
1173 2444 1306 2507 Ithobali
1321 2442 1424 2524 coepit
1436 2442 1539 2511 Nabu-

205 2532 312 2596 chod.“
335 2565 381 2578 -
404 2533 474 2595 Non
504 2532 693 2614 negavceim,
722 2533 835 2613 Tyrum
864 2532 982 2594 auxiliis
1010 2532 1211 2615 Aegyptiacis
1239 2532 1347 2595 fultam
1374 2532 1540 2613 potentiam

209 2622 432 2687 Chaldaeorum
455 2621 566 2683 diutius
589 2620 785 2696 sustinuisse,
807 2622 885 2703 quod
901 2620 964 2684 fieri
979 2615 1087 2701 potuit,
1110 2622 1136 2685 si
1150 2623 1261 2703 Tyrus,
1283 2621 1441 2686 Chaldaeo
1454 2622 1540 2683 hoste

207 2713 303 2786 facto,
325 2730 432 2792 pacem
455 2729 521 2774 cum
534 2709 697 2792 ⁸Aegyptio
723 2710 803 2773 fecit.
847 2711 952 2791 Neque
976 2710 1056 2772 enim
1080 2718 1129 2773 est
1152 2711 1329 2786 verisimile,
1357 2709 1542 2792 Aegyptium

107 2811 115 2825 ⁸
207 2803 329 2864 hostem
344 2799 493 2864 Chaldaei
508 2799 673 2879 quievisse,
695 2799 787 2861 armis
801 2800 832 2862 in
847 2800 957 2862 vicinia
971 2800 1239 2881 perstrepentibus.
1272 2799 1315 2862 Et
1329 2820 1423 2863 cansa
1436 2799 1541 2863 Nabu-

208 2890 418 2954 chodonoeoro
450 2888 586 2952 ordiendi
613 2888 685 2951 belli
709 2888 856 2970 Aegyptii
885 2890 964 2951 unde
993 2897 1067 2951 nata
1096 2889 1201 2964 fuerit,
1229 2889 1289 2952 nisi
1317 2908 1354 2951 ex
1380 2890 1441 2952 hoc
1464 2889 1542 2951 bello

204 2979 377 3054 Phoenicio,
392 2978 439 3041 cui
453 2979 582 3059 Apryes
592 2997 625 3040 se
641 2977 863 3049 immiscuerat?
893 2976 1056 3041 Consentit
1070 2998 1131 3041 non
1144 2977 1223 3041 male
1238 2979 1259 3042 J
1261 2997 1349 3041 crena
1365 2977 1417 3052 52,
1433 2979 1484 3042 30.

292 3068 410 3132 Nabon
429 3062 499 3131 170.
529 3059 686 3148 cupels:
708 3066 757 3129 Ex
777 3068 1000 3147 comparatione
1015 3066 1154 3129 Danielis
1175 3068 1225 3142 (5,
1241 3062 1300 3148 28)
1312 3087 1387 3130 cnm
1407 3067 1543 3130 historiis

206 3157 335 3220 exoticis
364 3157 465 3236 colligi
488 3156 592 3231 datur,
617 3156 726 3218 molem
747 3155 833 3237 regni
855 3155 1013 3220 Chaldaici
1035 3157 1162 3219 scissam
1182 3176 1250 3219 esse
1273 3158 1305 3219 in
1328 3164 1435 3237 partes
1459 3157 1542 3218 duas

205 3246 286 3310 Asia
307 3246 387 3308 enisu
409 3254 446 3307 et
464 3245 559 3308 omnis
581 3245 749 3326 septentrio
765 3245 884 3325 accepit
897 3245 1006 3308 Medos
1021 3252 1054 3306 et
1067 3245 1195 3321 Persas,
1217 3247 1374 3310 Chaldaea
1387 3265 1462 3309 vero
1479 3264 1544 3307 cum

205 3337 279 3399 urbe
287 3335 460 3417 Babylonia
474 3341 507 3396 et
516 3333 677 3415 provinciis
688 3333 925 3397 occidentalibus
935 3333 1034 3415 Syria,
1049 3334 1222 3410 Phoenicia,
1237 3336 1402 3409 Palestina,
1417 3335 1544 3408 Arabia,

207 3425 352 3506 Aegypto
369 3432 401 3486 et
414 3423 582 3504 Aethiopia
596 3422 709 3485 mansit
720 3423 906 3505 Babyloniis.
944 3420 1007 3485 Vix
1023 3423 1113 3486 aliter
1128 3444 1196 3486 esse
1210 3432 1322 3505 potest,
1338 3425 1408 3506 quin
1424 3424 1544 3487 Mediae

206 3520 348 3594 satrapes
363 3514 522 3595 Astyages
538 3512 629 3575 luerit
642 3512 1067 3594 fraterNitocridisReginee,
1084 3514 1192 3595 quippe
1207 3533 1283 3596 qnae
1300 3513 1425 3595 alicujus
1442 3522 1544 3576 satra-

205 3623 264 3685 pae
279 3604 438 3666 Medorum
452 3602 514 3664 filia
529 3601 594 3665 fuit.
623 3601 725 3664 Datur
739 3601 902 3688 suspicari,
924 3601 1078 3665 divisionis
1093 3603 1181 3683 hujus
1196 3603 1438 3666 architectricem
1452 3604 1545 3665 fuisse

204 3692 409 3767 Nitocridem,
432 3710 525 3773 qnae,
548 3710 615 3778 cqm
630 3709 684 3753 sno
706 3691 824 3754 nomine
846 3712 908 3754 non
930 3692 1083 3755 commode
1106 3701 1226 3774 posset,
1247 3712 1302 3774 per
1323 3712 1376 3755 eos
1395 3692 1545 3773 imperare

72 3868 74 3873 ³
204 3781 310 3856 voluit,
325 3782 484 3863 qnosipsa
498 3799 587 3861 reges
603 3780 735 3843 fecisset.
770 3781 817 3844 At
839 3781 1067 3843 siHcrodotnm
1089 3782 1259 3856 audiamus,
1280 3782 1363 3844 Medi
1376 3781 1546 3844 Nitocridis

205 3865 299 3953 (quae
314 3873 371 3935 hoc
387 3878 532 3951 tempore,
547 3877 702 3951 superstes
716 3871 827 3935 marito
843 3878 876 3932 et
889 3870 950 3932 fibo
965 3870 1201 3947 Evilmerodace,
1220 3873 1305 3952 regni
1321 3872 1440 3934 clavam
1455 3878 1544 3933 tene·

183 3960 259 4025 bat
273 3980 341 4023 cnm
361 3978 473 4041 genero
488 3954 770 4041 Nisiglissorosore)
793 3962 899 4023 hostes
915 3968 1003 4022 erent
1028 3967 1059 4022 et
1080 3959 1283 4024 formidabiles
1303 3962 1423 4042 quidem
1437 3960 1545 4042 Baby-

71 4062 73 4067 ’
203 4050 302 4113 loniis.
334 4046 394 4120 Qui
416 4055 523 4111 auctor
545 4049 570 4111 si
593 4069 682 4130 quam
703 4050 793 4112 fidem
815 4049 935 4111 anobis
951 4057 1126 4129 exspectat,
1149 4051 1297 4113 concedat
1311 4050 1397 4114 nobis
1414 4057 1546 4130 oportet,

205 4145 388 4220 occupatamx
402 4157 470 4200 esse
485 4138 595 4202 Ninum
611 4146 643 4200 et
656 4138 816 4220 Assyriaci
831 4157 963 4219 regnum,
979 4148 1107 4220 excepta
1121 4141 1258 4220 portione
1272 4140 1470 4222 Babylonica,
1485 4158 1547 4202 non

204 4250 224 4290 a
240 4226 380 4311 Cyaxare
396 4247 488 4308 supra
504 4248 530 4289 a.
546 4228 665 4300 Nabon.
683 4226 754 4301 144,
769 4234 804 4288 ut
816 4227 881 4309 ipse
897 4234 1011 4302 narrat,
1027 4230 1082 4291 sed
1092 4229 1157 4309 jam
1171 4230 1229 4292 hoc
1244 4248 1322 4291 anno
1339 4230 1377 4291 ab
1392 4229 1547 4310 Astyage.

203 4317 246 4380 Et
261 4325 332 4381 tnnc
348 4317 441 4380 etiem
456 4316 644 4378 Herodotum
658 4323 771 4380 testem
784 4316 917 4380 habituri
938 4337 1038 4381 sumus
1058 4319 1146 4398 hujus
1162 4318 1317 4380 divisionis
1337 4319 1423 4398 regni
1438 4318 1546 4400 Baby-

203 4406 308 4471 lonici:
332 4414 367 4469 ut
387 4407 433 4470 ita
446 4405 560 4468 Darius
577 4398 764 4487 (Astyages)
788 4426 847 4469 non
863 4425 901 4468 ex
923 4406 1044 4469 foedere
1061 4407 1293 4487 conspirationis
1315 4426 1382 4469 cum
1395 4407 1546 4488 Niriglis-

205 4515 344 4559 sorosore
358 4503 464 4577 pacto,
487 4495 541 4556 sed
556 4514 611 4575 per
626 4495 805 4557 defectionis
820 4495 950 4577 speciem
972 4495 1162 4559 aldtocride
1178 4495 1298 4576 Regina
1313 4505 1347 4559 et
1361 4518 1380 4559 a
1394 4497 1546 4577 Niriglis-

193 4605 342 4649 ·sorosore
357 4583 453 4667 Regis
466 4584 630 4665 impuberis
644 4592 742 4664 patre,
756 4585 787 4646 in
803 4603 927 4665 regnum
943 4585 1132 4649 successerit.

290 4675 401 4738 Daniel
424 4681 580 4755 satrapam
599 4673 720 4736 Mediae
743 4674 878 4754 appellat
899 4674 1025 4737 Darium
1045 4675 1198 4738 Ahasveri
1221 4694 1274 4738 sen
1290 4674 1423 4757 Oxyaris
1445 4676 1549 4739 fllium

204 4764 252 4828 At
272 4764 446 4828 Herodotus
464 4771 499 4826 et
518 4763 671 4827 Diodorus
693 4763 809 4827 habent
828 4764 886 4828 hoc
908 4772 1044 4845 tempore
1065 4764 1252 4850 Astyagem,
1273 4764 1426 4848 Cyaxarie
1446 4767 1551 4831 filiurn.
