3194 5482
512 1389 968 1509 redomuit

150 1783 325 1913 Kepumm
346 1831 416 1897 inde
439 1832 478 1896 ab
494 1851 530 1897 eo
546 1840 695 1915 tempore,
717 1852 775 1917 quo
798 1831 1010 1896 astronomicis
1032 1850 1066 1895 se
1089 1830 1184 1895 dabat
1205 1829 1327 1905 studiis,
1349 1847 1410 1892 nou

71 1920 160 2002 plane
174 1920 314 1984 omisisse
338 1921 455 1997 studia,
477 1942 553 2005 quae
569 1923 725 2004 Tubingae
747 1923 786 1986 ab
808 1940 888 1985 auno
907 1920 991 1986 1689
1012 1940 1106 2003 usque
1129 1920 1168 1984 ad
1191 1937 1301 1983 annum
1325 1917 1408 1982 1693
1507 1960 1509 1965 -

70 2010 218 2087 coluerat,
240 2019 371 2092 apparet
386 2030 403 2074 e
418 2011 529 2088 literis,
552 2031 627 2095 quas
644 2011 728 2084 dedit
750 2009 854 2075 amicis
876 2019 909 2073 et
923 2010 1180 2094 praeceptoribus,
1202 2009 1263 2073 illic
1284 2005 1410 2083 relictis,

70 2098 194 2182 aliisque
222 2101 296 2163 viris
325 2120 380 2182 per
401 2108 500 2164 totam
527 2102 590 2165 fere
613 2099 808 2164 Germaniam
835 2099 1047 2165 diversissimis
1071 2099 1227 2163 doctrinae
1249 2095 1409 2180 &neribus

71 2187 190 2252 deditis
226 2189 331 2253 Primo
353 2190 472 2273 quidem
493 2198 643 2272 tempore,
671 2210 728 2273 quo
751 2189 854 2254 Gratii
875 2190 1019 2254 mandato
1033 2207 1167 2252 munere
1190 2186 1356 2252 astronomi
1377 2191 1411 2248 et

71 2278 278 2342 mathematici
300 2280 496 2361 fungebatur,
516 2298 623 2362 pamm
645 2281 673 2342 ei
700 2280 839 2343 relictum
860 2287 929 2342 erat
951 2278 1095 2361 temporis
1118 2278 1157 2341 ob
1183 2277 1351 2341 novitatem
1377 2281 1411 2337 ct

69 2368 250 2431 nrietatem
264 2368 416 2432 insuetam
431 2389 542 2445 rernm,
563 2388 639 2452 quas
653 2388 713 2432 nou
732 2369 855 2431 minima
870 2387 909 2431 ox
926 2376 1016 2449 parte
1036 2367 1076 2431 ad
1090 2367 1204 2430 victum
1223 2366 1281 2429 sibi
1294 2383 1410 2447 parau-

70 2455 136 2520 dum
151 2457 347 2540 suscipiebat
384 2458 429 2521 Ut
444 2459 505 2522 alia
520 2459 704 2533 omittamus,
719 2458 902 2521 mentionem
917 2457 1042 2520 facimus
1059 2452 1320 2530 Calendariorum,
1335 2470 1411 2536 quac

69 2547 229 2627 quotannis
245 2547 463 2623 conscribenda
478 2555 582 2623 erant,
598 2557 631 2610 et
644 2547 925 2628 Prognosticorum,
941 2565 1019 2628 quae
1033 2546 1146 2627 privati
1163 2544 1201 2608 ab
1217 2544 1284 2625 ipso
1299 2551 1409 2626 postu·

71 2634 183 2698 labant
220 2634 371 2718 Keplerns
394 2646 497 2700 antem
516 2656 605 2720 quum
624 2643 709 2699 esset
729 2637 899 2700 indefessae
915 2635 1083 2699 industriae
1104 2651 1297 2716 summaeque
1318 2632 1410 2696 animi
1508 2708 1509 2715 ἵ

70 2724 241 2788 alacritatis
256 2733 290 2788 et
305 2726 490 2808 diligentiae,
505 2727 697 2790 incitabatur
717 2723 846 2808 legendo
863 2725 903 2789 ad
925 2724 1099 2807 legendum,
1123 2720 1357 2806 comparandum
1379 2728 1412 2784 ot

72 2814 178 2876 melius
198 2815 391 2892 vertendum,
414 2816 439 2879 si
461 2816 532 2899 quid
559 2816 657 2893 minus
687 2823 829 2881 accurate
851 2822 905 2879 ant
927 2815 966 2878 ab
987 2815 1054 2897 ipso
1069 2823 1124 2878 aut
1145 2813 1185 2877 ab
1208 2812 1277 2876 aliis
1299 2812 1412 2875 dictum

72 2901 239 2967 ridebatur.
284 2903 360 2970 Cum
399 2913 501 2969 autem
530 2886 655 2987 Kepleri
686 2924 794 2968 munus
823 2923 918 2986 prope
939 2903 1073 2967 abesset
1102 2925 1121 2966 a
1146 2900 1350 2982 chronologia
1379 2906 1412 2962 et

70 2991 229 3069 similibus,
251 3012 311 3057 non
333 2994 513 3070 mirandum,
536 3013 604 3057 eum
618 2993 745 3058 rediisse
761 2994 801 3058 ad
820 2994 929 3057 relicta
949 2992 1051 3057 studia
1073 2991 1257 3075 philologius
1272 2997 1306 3052 et
1319 2989 1410 3064 theo,-

69 3079 181 3162 logica,
203 3082 255 3145 ubi
278 3082 406 3166 primum
429 3092 612 3189 provocatps
638 3084 717 3147 est
708 3105 739 3148 ru
760 3085 840 3148 hunc
862 3101 1008 3166 campum.
1049 3082 1116 3145 Nec
1137 3080 1235 3163 magis
1256 3072 1412 3161 negligere

69 3171 168 3250 potnit
184 3190 264 3247 eam,
285 3191 362 3254 quae
378 3180 443 3236 tum
458 3173 603 3255 temporis
619 3174 769 3255 gliscebat
783 3174 864 3236 inter
882 3173 1020 3236 homiues
1036 3171 1214 3236 Catholicae
1230 3166 1412 3232 confessioni

70 3259 210 3323 addictos
225 3270 258 3323 ot
272 3280 342 3337 eos,
365 3280 414 3344 qm
406 3263 642 3345 Augustanam
656 3264 813 3337 tenebant,
836 3262 873 3325 de
889 3281 968 3326 novo
983 3260 1166 3326 calendario
1180 3260 1320 3323 Romano
1336 3275 1410 3321 ocn-

70 3349 265 3426 troversiam,
295 3352 432 3433 quamvis
452 3352 484 3415 in
506 3353 564 3416 hao
586 3371 619 3415 re
642 3371 702 3415 nou
722 3352 825 3434 palam
847 3352 878 3414 in
900 3351 996 3414 aciem
1018 3349 1159 3432 progredi
1181 3349 1324 3424 auderet,
1345 3364 1411 3410 cnm

71 3446 198 3519 propter
212 3440 312 3502 socios
328 3458 482 3505 sacrorum
497 3442 651 3517 formulae,
667 3449 731 3504 tum
747 3441 785 3504 cb
800 3441 979 3517 catholicos,
993 3439 1155 3522 praecipue
1170 3439 1210 3503 ab
1220 3457 1256 3502 ec
1266 3446 1412 3520 tompore,

70 3545 126 3608 quc
141 3527 263 3609 Pragae
279 3529 418 3611 degebat

155 3615 1411 3704 chronologicasdisquisitionesdeprehendimusprimuminresponsisadhiaost-

69 3703 171 3782 linum,
187 3706 237 3789 qui
252 3707 399 3789 ejusmodi
413 3711 608 3793 quaestiones
623 3708 785 3773 moverat
776 3728 808 3771 ιιι
823 3706 961 3790 epistolis
977 3708 1017 3771 ad
1032 3707 1197 3789 Keplemm
1212 3706 1302 3769 datis
1331 3703 1411 3768 Dein

69 3794 194 3874 publicis
210 3797 331 3879 scriptis
347 3798 452 3863 deiilis
468 3800 540 3882 egit,
555 3799 683 3882 primum
693 3818 771 3862 auno
785 3797 887 3862 1606
878 3812 909 3860 ιι
919 3796 1087 3879 appendice
1097 3796 1136 3859 ad
1146 3795 1254 3859 librum
1264 3795 1301 3857 de
1311 3791 1413 3857 Stella

69 3883 164 3960 Nora,
179 3885 226 3948 cui
242 3887 348 3951 titulus
364 3888 466 3952 Silva
483 3889 771 3970 chronologica3
796 3906 874 3950 anno
893 3885 1003 3949 1613
994 3906 1026 3949 ιιι
1040 3886 1117 3950 libro
1133 3884 1315 3950 Germanico
1331 3881 1411 3945 idio-'

70 3980 150 4035 mate
161 3976 347 4058 conscripto
368 3978 537 4055 Bericht,
553 3978 609 4041 das
617 3997 709 4042 unser
718 3978 799 4041 Herr
807 3977 869 4039 und
877 3974 1011 4039 Harland
1019 3976 1112 4039 Jesus
1122 3974 1264 4040 Christus
1278 3971 1412 4036 nitnuhr
1511 4016 1513 4021 s

69 4061 117 4124 ein
135 4062 212 4127 lahr
239 4084 294 4128 vor
317 4066 385 4130 dom
414 4067 540 4148 mfang
565 4087 690 4130 unscrer
716 4066 862 4147 hentigen
890 4073 963 4146 tags
990 4065 1214 4147 gebrauchigeu
1243 4062 1412 4142 Rechnung

69 4151 214 4230 geboren;
240 4153 337 4218 1614·
352 4156 457 4240 Adep
463 4156 612 4219 istolam
627 4153 1287 4237 SethiCalvisiichronologiresponsi03
1304 4150 1412 4215 eodem

68 4259 161 4303 anno.
188 4242 240 4305 Do
260 4242 403 4309 Christi
424 4265 516 4311 anno
536 4245 739 4321 natalitio
763 4244 861 4308 1616·
889 4243 1050 4325 Eclogae
1073 4244 1284 4317 chronicae
1310 4238 1411 4305 1620:

69 4327 234 4395 canones
252 4335 423 4416 pueriles.
450 4335 614 4399 Volumina
633 4334 713 4398 XVI
734 4342 768 4396 et
780 4333 877 4399 XVH
895 4334 1167 4416 manuscriptorum
1181 4331 1413 4395 Polconensium

68 4417 108 4480 nil
134 4419 217 4485 aliud
235 4425 394 4488 continent
414 4424 472 4488 nisi
492 4424 595 4488 studia
620 4423 846 4505 chronologica,
868 4420 980 4503 partim
1000 4424 1196 4486 fundamenta
1219 4419 1412 4498 „-0hrcnolo

66 4504 171 4588 giae“,
195 4529 284 4592 quam
298 4513 378 4577 forte
392 4513 543 4596 Keplerus
558 4512 709 4596 quondam
725 4512 764 4575 ad
780 4520 900 4594 typum,
922 4512 948 4575 si
964 4512 1058 4576 otium
1079 4519 1188 4575 nactus
1203 4509 1304 4589 fuerit,
1319 4530 1427 4595 prae-¹

67 4598 233 4678 parandam
249 4603 403 4681 censebat,
418 4604 531 4687 partim
550 4609 696 4684 excerpta
716 4621 755 4666 ox
771 4601 971 4683 scriptoribus
987 4596 1119 4690 antiquis
1135 4608 1169 4663 ct
1182 4600 1412 4676 recentioribus,

65 4688 177 4843 &mallim
197 4692 411 4845 anputaticnes
436 4699 469 4757 et
487 4692 715 4776 disquisitiones
737 4692 776 4756 dc
798 4690 1018 4757 recentissimis
1040 4676 1248 4816 chionologis,
1274 4690 1413 4766 Petusio,

149 4794 221 4862 gero
266 4801 283 4873 c
363 4836 367 4845 s

1167 4883 1203 4938 1.
