3112 5474
152 265 157 280 ,
177 197 241 265 292
678 215 719 267 ns
732 161 903 267 assonam
917 214 1017 276 cuna

178 380 257 424 auno
273 361 392 443 imperii
407 358 529 434 liberii,
545 358 663 421 scilicet
677 359 913 441 quintodecimo:
931 366 1002 421 tuuc
1012 358 1091 422 enim
1106 357 1252 440 temporis
1267 356 1388 420 Judaea
1401 361 1524 438 praeter

176 452 328 514 Tiberium
344 451 509 515 Caesarem
518 448 689 511 Romanum
703 465 807 528 regem
821 466 881 510 uon
896 448 1037 570 habebat
1060 447 1138 511 Erat
1154 455 1256 528 antem
1267 446 1404 510 facileD.
1412 445 1512 518 lucae

177 631 258 692 ceuti
273 630 318 692 rei
332 628 492 703 memoria,
515 628 593 709 quod
617 625 759 689 Christus
782 627 887 689 statim
910 647 929 688 a
944 627 1095 708 baptismo
1117 626 1176 688 toti
1191 625 1285 707 genti
1291 625 1509 689 Judaeorurnet

176 718 348 781 nationibus
365 715 644 796 circumjacentibus
661 716 818 796 stupendis
840 715 993 778 miraculis
1012 715 1210 790 innotuisset;
1235 733 1302 777 cunr
1325 734 1343 776 e
1364 713 1505 784 tonnano,

177 808 202 869 si
225 807 421 869 nativitatem
431 805 551 869 Christi
575 805 764 879 consideres,
787 822 846 868 uon
863 805 904 866 sit
919 805 1096 879 verisimile,
1118 811 1241 885 praeter
1260 812 1395 866 matrem
1409 801 1505 866 Christi

177 914 345 977 quenquam
363 901 435 976 post
452 914 547 957 anuos
563 894 606 956 30
622 901 654 956 et
667 894 770 974 plures
787 893 960 967 exstitisse,
982 895 1032 974 qni
1047 894 1221 976 memoriam
1236 893 1357 956 numeri
1372 906 1505 963 annornm,

176 1004 233 1066 quo
249 992 341 1058 natus
359 984 515 1057 Christus,
538 1001 573 1044 eo
594 1003 701 1064 usque
712 982 947 1045 conservaverit.
984 983 1131 1066 Adeoque
1147 990 1180 1045 et
1193 982 1262 1062 ipsa
1279 982 1399 1046 Christi
1415 979 1505 1042 dorniri

176 1074 272 1135 nostri
287 1075 399 1148 Mater,
415 1092 474 1154 qua
489 1072 547 1134 suit
561 1072 711 1134 modestia
727 1079 760 1133 et
773 1071 944 1134 humilitate
958 1089 1074 1134 morum
1090 1089 1306 1152 sensuumque,
1330 1090 1391 1133 nou
1406 1069 1506 1131 ridetur

176 1162 278 1225 curam
292 1163 434 1224 habuisse
451 1161 565 1224 numeri
581 1180 726 1223 annorum
740 1160 872 1223 Herodis
894 1161 985 1241 regis
1030 1160 1082 1224 Sic
1099 1161 1177 1223 eninr
1200 1168 1232 1222 et
1247 1160 1341 1222 hodie
1357 1159 1423 1222 deri
1435 1157 1505 1219 ride-

175 1271 250 1327 mus,
265 1259 299 1312 ut
315 1271 406 1314 sexus
421 1251 592 1313 infirmioris
607 1258 766 1311 matronae
781 1250 936 1324 laudatae,
953 1249 1148 1331 simplicitate
1159 1270 1214 1313 sua
1223 1256 1403 1323 contentae
1416 1247 1504 1309 literas

174 1340 264 1420 vulgo
280 1360 340 1402 non
357 1341 513 1429 attingant
529 1347 581 1401 aut
603 1357 694 1419 parce
709 1347 865 1420 usurpent,
887 1354 943 1402 uec
959 1340 1029 1401 stilo
1046 1357 1193 1421 manuque
1208 1338 1365 1419 polleant,
1379 1353 1504 1437 praescr:

175 1430 230 1492 tim
253 1429 278 1492 si
300 1437 482 1510 paupertate
506 1447 669 1509 oppressae
694 1446 754 1489 uou
779 1428 935 1490 abundent
959 1428 1052 1490 adid
1077 1429 1156 1490 otio:
1185 1428 1325 1509 adeoque
1348 1425 1422 1488 nihil
1435 1423 1503 1505 pensi

176 1517 321 1593 habeant,
338 1527 430 1621 quqto
447 1537 525 1580 anuo
543 1536 632 1580 aerae
640 1516 763 1579 usualis
776 1517 943 1620 quemlibet
959 1517 1119 1579 liberorum
1133 1516 1319 1621 pepererint.
1352 1515 1433 1580 Cura
1446 1513 1504 1575 haec

70 1619 74 1631 ’
174 1615 297 1688 patrum
311 1607 409 1688 magis
424 1607 548 1688 propria
564 1614 627 1682 est,
650 1606 699 1687 qui
721 1626 759 1667 ne
774 1606 833 1687 ipsi
856 1606 975 1688 quidem
990 1624 1093 1668 omnes
1107 1606 1285 1687 minimeque
1301 1604 1382 1668 fabri
1404 1610 1435 1665 et
1452 1602 1503 1683 opl-

174 1698 247 1758 lices
264 1695 303 1757 ad
318 1696 488 1776 hujusmodi
505 1695 683 1769 attendunt3
701 1695 753 1756 sed
765 1696 827 1757 lere
843 1694 959 1758 literati
974 1702 1093 1758 tantum
1103 1701 1156 1786 aut
1169 1696 1280 1757 notarii
1297 1702 1356 1795 aut
1370 1708 1503 1756 commen·

175 1785 328 1847 tarieuses
345 1793 408 1848 aut
415 1785 475 1848 alia
490 1785 673 1866 reipublicae
688 1784 813 1865 negotia
829 1791 979 1846 curantes.
1056 1801 1058 1803 ’

262 1874 322 1936 Est
338 1881 371 1936 et
386 1875 446 1936 alia
463 1874 647 1953 conjectura,
663 1892 739 1955 quae
754 1871 916 1935 verisimile
932 1873 1015 1948 facit,
1037 1872 1167 1935 defuisse
1182 1871 1406 1956 Evangelistae
1420 1870 1503 1933 luas
1550 1949 1552 1954 A

175 1970 317 2026 exactam
333 1963 536 2045 coguitionem
552 1963 622 2039 anui
637 1980 724 2049 regnu
715 1962 879 2037 Herodis,
895 1982 953 2045 quo
970 1969 1061 2025 uatus
1072 1962 1162 2024 fuerit
1172 1960 1331 2036 Christus,
1349 1961 1427 2043 quod
1439 1959 1502 2022 iden
1550 1980 1553 2010 ÷

173 2052 390 2135 Evangehsta
383 2072 412 2115 ιιι
422 2053 624 2133 descriptione
633 2051 911 2132 baptismrJoannrs
923 2046 1053 2133 (quaem
1063 2070 1173 2113 anunm
1182 2046 1503 2132 qumdecrmnm'lhbsrn
1548 2074 1552 2135 5

172 2137 295 2247 incidit)
311 2140 369 2203 hac
386 2141 532 2203 orationis
549 2142 645 2203 forma
659 2140 772 2203 utitur:
794 2140 867 2202 Et
854 2160 921 2221 epse
935 2140 1119 2203 erotJecos
1117 2160 1212 2222 paon
1207 2136 1503 2240 canoncnfflpc'plt

173 2230 325 2311 incipiunt
340 2249 381 2293 sc.
396 2230 586 2311 praedicare.
632 2227 764 2294 Constat
778 2249 859 2303 vero,
876 2230 901 2291 si
918 2230 984 2311 quis
1000 2229 1082 2304 dicit,
1104 2248 1137 2290 se
1154 2248 1222 2292 esse
1238 2247 1388 2292 annorum
1404 2226 1502 2303 circiter

173 2319 222 2380 vel
238 2319 324 2401 quasi
339 2319 482 2399 triginta,
506 2320 631 2381 eundem
647 2319 773 2381 interim·
791 2316 860 2380 dum
881 2319 939 2380 hoc
956 2318 1030 2381 dicit
1051 2326 1179 2381 autnon
1194 2318 1309 2381 habere
1334 2318 1365 2381 iu
1380 2314 1502 2379 memoria

175 2415 290 2470 certum
307 2426 396 2470 aerae
412 2409 526 2470 usualis
543 2427 662 2483 aunurn,
677 2426 735 2488 quo
751 2416 842 2470 natus
858 2408 957 2482 tirerit,
973 2410 1027 2469 aut
1042 2407 1079 2469 de
1096 2426 1131 2470 eo
1146 2408 1205 2470 hac
1218 2407 1285 2470 vice
1302 2427 1366 2470 non
1381 2406 1501 2486 cogitare

175 2495 261 2568 Quae
277 2516 350 2559 vero
366 2497 426 2559 alia
448 2497 596 2559 matribus
611 2496 769 2558 inhaerere
787 2496 887 2559 solent
900 2496 932 2558 iu
947 2497 1107 2572 memoria,
1130 2497 1246 2560 scilicet
1267 2496 1395 2579 quaein
1409 2492 1501 2557 natisi-

174 2594 272 2649 tatem
295 2587 438 2669 cujusque
461 2587 622 2649 liberorum
644 2603 765 2647 suorum
781 2585 956 2661 inciderint,
978 2593 1011 2648 et
1026 2605 1102 2667 quae
1118 2586 1211 2648 luerit
1224 2587 1381 2667 puerperii
1395 2585 1501 2653 forum

151 2706 152 2709 ι
168 2675 276 2737 ‘omnia
291 2675 344 2738 illa
360 2675 540 2737 Matthaeus
556 2682 589 2737 et
597 2673 698 2736 Lucas
715 2695 753 2736 ex
769 2693 820 2736 cre
836 2675 1015 2737 benedictae
1024 2673 1161 2756 Virginis
1169 2675 1281 2737 Matris
1291 2676 1398 2756 ejusve
1407 2691 1499 2753 cogas

173 2772 273 2826 torum
296 2764 458 2844 diligenter
479 2769 664 2844 exceperunt
693 2770 726 2825 et
747 2763 844 2826 literis
867 2764 1046 2867 consignata
1066 2764 1244 2845 posteritati
1269 2764 1499 2827 transmiserunt:

175 2853 307 2914 edictum
318 2852 461 2916 Caesaris
473 2853 616 2933 Augusti,
629 2859 665 2914 ut
674 2852 897 2915 describeretur
910 2853 1068 2917 universus
1084 2853 1182 2929 orbis,
1190 2852 1358 2927 adveutum
1370 2865 1500 2933 magoruu

175 2942 362 3016 exoriente,
387 2942 523 3022 quodque
545 2942 616 3003 iude
639 2940 828 3004 occasionem
849 2941 965 3004 invenit
986 2942 1205 3005 infanticidium
1225 2940 1499 3005 Bethlehemitieuu

173 3031 257 3093 Istae
272 3049 345 3092 vero
361 3047 421 3092 nou
438 3038 557 3093 tanturn
573 3050 606 3092 se
621 3030 697 3111 ipsis
711 3019 833 3093 maximi
848 3022 991 3093 momenti
1006 3051 1055 3094 res
1072 3039 1143 3093 sunt
1157 3032 1266 3112 plenae
1281 3031 1432 3105 horroris,
1450 3035 1499 3090 stu·

173 3119 256 3202 poris
273 3126 305 3180 et
320 3119 538 3195 admirationis,
552 3127 696 3200 totasque
711 3120 810 3194 urbes,
826 3120 988 3195 territoria,
1004 3128 1121 3202 gentes,
1143 3120 1289 3202 quinimo
1306 3127 1408 3183 totum
1421 3127 1498 3180 tem·

174 3227 239 3270 rum
256 3207 358 3270 orbem
374 3209 556 3270 attinentes:
582 3208 635 3270 sed
651 3227 728 3290 quae
742 3207 937 3289 peculiariter
958 3217 1104 3290 parentes
1121 3207 1238 3273 Christi
1255 3216 1322 3272 tam
1337 3227 1430 3291 prope
1442 3205 1499 3268 od·

175 3306 292 3378 gerunt,
307 3308 342 3359 ut
357 3296 542 3377 impossibile
557 3316 634 3377 pene
650 3297 748 3372 fuerit,
763 3298 832 3359 illos
848 3314 978 3379 uuquam
993 3306 1061 3361 tota
1075 3298 1141 3361 vita
1156 3299 1334 3363 memoriam
1350 3291 1498 3361 nativitatis

174 3385 227 3447 filii
242 3386 287 3447 sui
302 3387 378 3448 lesu
393 3386 540 3462 recolere,
564 3386 633 3468 quin
649 3386 708 3448 hae
724 3387 970 3449 circumstantiae
992 3407 1125 3450 summae
1141 3387 1314 3451 evidentiae
1338 3387 1425 3450 simul
1441 3382 1498 3446 inci

175 3474 290 3537 dereut
327 3476 396 3538 Nou
419 3475 526 3538 mirum
541 3474 649 3557 igitur,
672 3483 837 3538 annotatas
853 3495 921 3538 esse
936 3476 993 3538 has
1010 3477 1280 3552 circumstantias,
1292 3477 1434 3539 omissum
1446 3486 1498 3534 ren

175 3583 322 3626 annorum
343 3564 429 3645 regui
454 3583 624 3640 numerum,
647 3564 678 3626 iu
702 3572 790 3627 tanta
812 3563 920 3647 quippe
945 3566 1099 3648 utriusque
1121 3564 1165 3628 rei
1189 3566 1380 3651 diversitate.
1422 3558 1498 3628 Crob

175 3653 312 3734 equidem
328 3653 408 3715 tanti
423 3655 566 3716 momenti
582 3672 632 3715 res
649 3653 853 3716 coincideutes
870 3653 990 3735 penitus
1006 3674 1171 3735 occupasse
1187 3662 1306 3717 mentes
1328 3663 1362 3717 et
1376 3654 1498 3717 salsum

173 3741 448 3823 Evangelistarum,
464 3742 540 3804 adeo
557 3743 684 3824 quidem,
700 3751 734 3804 ut
749 3744 930 3824 superfluum
946 3745 1126 3820 censuerint,
1143 3744 1242 3826 ipsum
1257 3744 1354 3807 etiam
1369 3737 1497 3806 naimarus

175 3850 321 3893 annorum
335 3832 465 3894 Herodis
489 3841 636 3895 annotare
643 3850 653 3906 ;
684 3831 750 3912 quis
773 3832 851 3894 euim
873 3851 990 3909 eorum,
1011 3834 1062 3915 qui
1077 3841 1149 3897 tuuc
1165 3832 1317 3908 vixerunt,
1342 3826 1497 3895 audiensdt

67 3951 71 3963 =
175 3919 275 3981 edicto
284 3920 418 4002 Augusti
433 3939 488 4002 per
504 3928 602 3983 totum
617 3922 679 3983 iere
695 3930 845 3984 terrarum
861 3922 963 3984 orbern
978 3924 1179 4004 promulgato,
1195 3941 1256 3985 nou
1272 3923 1381 3985 statim
1397 3926 1496 3983 stou·

172 4019 229 4092 pus
246 4017 278 4071 et
293 4018 409 4072 certum
424 4028 535 4071 anuum
549 4010 593 4072 rei
610 4009 829 4072 famosissimae
845 4012 952 4087 tenuit,
968 4012 1006 4075 ab
1023 4030 1116 4093 eoque
1126 4011 1256 4074 termino
1273 4011 1495 4095 adusqueprac

174 4106 292 4161 sentem
307 4118 392 4160 suum
409 4117 518 4161 anuum
533 4100 678 4180 temporis
693 4100 846 4181 interjecti
855 4100 990 4163 rationes
1005 4120 1062 4163 usu
1076 4101 1252 4182 postulante
1268 4101 1308 4163 de
1319 4101 1401 4180 laoili
1416 4108 1496 4161 seem

174 4186 240 4268 ipso
258 4188 379 4268 exigere
395 4187 518 4269 potuit?

260 4274 409 4358 Eligitur
425 4277 544 4340 omniuo
561 4284 632 4338 sunt
648 4277 850 4353 characteres,
865 4277 942 4342 haec
957 4279 1138 4342 documenta
1153 4299 1172 4341 a
1178 4271 1496 4372 duobusuvangsust'n

174 4364 261 4427 nobis
285 4365 494 4447 suppeditata,
526 4365 693 4448 exquibus
718 4366 864 4447 genuinus
896 4388 993 4431 annus
1017 4367 1190 4435 nativitatis
1216 4367 1336 4434 Christi
1360 4359 1497 4434 internosci

174 4454 377 4536 temporisque
395 4456 436 4518 ab
448 4455 500 4518 illo
518 4455 623 4517 aduos
638 4474 732 4537 usque
747 4456 825 4537 lapsi
836 4456 915 4519 ratio
931 4456 1055 4520 subduci
1071 4457 1176 4521 debet.
1203 4453 1238 4539 1)
1254 4458 1498 4541 imperiumHerc
1538 4478 1540 4480 ’

175 4542 230 4618 dis,
253 4537 289 4624 2)
306 4544 437 4606 edictum
449 4543 745 4626 CaesarisAugusti,
761 4541 798 4626 3)
815 4545 964 4610 adventus
973 4554 1129 4628 magorum
1144 4555 1176 4610 et
1191 4542 1500 4614 infanticidiumlletb·

173 4629 385 4709 lehemiticurn,
408 4629 445 4714 t)
462 4633 590 4716 denique
606 4641 694 4696 aetas
705 4632 822 4697 Christi
837 4654 931 4718 prope
946 4653 1029 4713 vera,
1043 4635 1167 4719 quaudo
1171 4635 1365 4719 baptismate
1380 4638 1546 4704 aJoaunt

175 4728 316 4802 suscepto
331 4722 569 4803 praedicationis
585 4741 657 4786 suae
674 4724 747 4785 lecit
762 4724 887 4815 initium.
1541 4764 1542 4768 =
