3112 5474
198 247 263 316 290
697 268 921 344 parnassus
933 265 1035 330 essu.
1132 264 1134 273 '

53 461 54 471 ,
117 444 125 461 «
198 410 451 494 disponendoque,
468 412 494 475 ei
511 411 592 475 desit
607 419 725 492 tempus
748 412 962 475 adlectionem
977 412 1174 494 multiplicem
1188 411 1288 492 adque
1304 411 1506 494 excerpendum

197 520 252 562 neo
267 501 348 563 ferat
358 501 449 584 juata
465 521 496 564 se
511 502 693 581 patientiam
708 501 846 564 lectionis
862 502 1011 564 enodandi
1028 502 1188 583 cupiditas.
1223 502 1376 583 Equidem
1391 503 1509 564 adunus

197 589 301 665 ausim,
316 590 471 653 literatum
487 591 614 671 aliquem
637 589 728 652 hodie
751 592 851 671 spatio
872 599 1027 654 menstruo
1047 610 1088 653 ex
1110 589 1255 655 Caesaris
1280 591 1407 654 Baronii
1427 589 1511 655 Gardi

195 678 274 740 nalis
298 687 330 740 et
343 679 470 760 Josephi
487 679 636 760 Scaligeri
657 678 742 741 libris
763 681 851 760 plura
873 687 906 742 et
921 680 1051 742 certiora
1072 679 1254 742 documenta
1276 680 1317 742 ad
1333 680 1515 762 quaestionem

195 767 380 846 pertinentia
403 787 562 850 excerpere
584 786 692 849 posse,
714 787 802 849 quam
825 769 895 830 olim
917 768 1104 832 Clementem
1126 775 1158 831 et
1176 769 1344 831 Eusebium
1367 769 1517 850 longissimo

196 875 340 918 annorum
356 857 480 920 circuitu
497 876 535 919 ex
550 865 599 919 tot
619 857 861 920 instmotissimis
881 857 1080 920 bibliothecis.
1116 858 1182 920 Neo
1202 858 1336 932 mirum:
1356 877 1443 940 quern
1459 859 1519 920 enin

193 945 362 1008 hauserunt
378 946 493 1026 antiqui
506 946 551 1008 illi
566 946 715 1021 laborem,
738 946 802 1027 ejus
818 946 947 1008 fructum
961 954 1160 1028 perceperunt
1174 947 1205 1008 hi
1221 963 1298 1028 quos
1315 948 1382 1009 dixi
1398 947 1520 1020 moderni

196 1033 351 1115 cibumque
367 1035 462 1097 veluti
477 1054 689 1116 praemansum
711 1043 743 1097 et
757 1036 925 1098 hauserunt
940 1035 978 1097 ab
993 1036 1059 1097 illis
1076 1044 1109 1097 et
1123 1053 1212 1116 porro
1228 1035 1293 1111 suis
1308 1036 1473 1099 lectoribus
1484 1037 1519 1098 in-

194 1130 311 1202 gemnt.
356 1124 403 1187 Ac
427 1143 493 1187 cum
516 1124 729 1205 exemplarium
751 1124 820 1188 libri
842 1131 906 1186 tam
927 1123 1011 1186 utilis
1041 1124 1130 1186 hodie
1155 1131 1280 1186 exstent
1304 1126 1425 1206 aliquot
1446 1125 1520 1187 millis

195 1211 341 1274 beneficio
353 1213 588 1294 typographiae:
603 1214 710 1276 mirum
718 1221 974 1295 nequaquamest,
989 1213 1068 1275 inter
1078 1220 1126 1275 tot
1135 1214 1277 1287 lectores,
1293 1233 1373 1295 quos
1387 1214 1520 1276 inven'nut

124 1358 127 1372 ,
194 1307 243 1362 tot
258 1302 451 1382 exemplaria,
466 1321 556 1364 uuum
570 1303 619 1365 vel
635 1302 763 1365 alterum
779 1301 919 1376 existere,
935 1302 985 1382 qui
994 1301 1169 1382 diligentius
1175 1303 1337 1383 expendat
1346 1309 1518 1365 monuments

193 1407 257 1450 rem
273 1390 444 1464 attinentia,
460 1411 549 1472 quam
563 1393 700 1454 lecerunt
715 1399 854 1454 auctores
869 1390 937 1470 ipsi,
953 1409 970 1452 e
986 1409 1110 1472 quornm
1124 1391 1210 1462 libris
1224 1392 1279 1455 ills
1294 1400 1372 1454 sunt
1387 1398 1516 1471 excerpta

194 1480 394 1561 expensisque
409 1487 515 1543 utatur
528 1480 650 1543 rectius.
694 1480 782 1543 Unde
797 1481 855 1566 hoc
871 1479 998 1560 deniqne
1014 1480 1183 1554 conficitur,
1203 1480 1293 1542 hodid
1310 1481 1426 1562 aliquid
1439 1481 1515 1542 inter·

194 1567 263 1629 dnm
287 1587 342 1630 nos
366 1570 487 1650 assequi
512 1569 686 1648 conjectura
711 1568 791 1631 felici
814 1587 921 1649 posse,
944 1568 1030 1650 ‘quod
1056 1588 1148 1649 supra
1170 1569 1252 1632 mille
1277 1578 1335 1631 aut
1363 1571 1422 1631 dno
1443 1569 1514 1631 ulls

195 1673 341 1719 annornm
355 1658 406 1720 vel
420 1658 726 1739 ignoratumvelnon
741 1657 914 1720 necessario
931 1657 1067 1719 habitum
1082 1676 1177 1739 eoque
1192 1665 1226 1720 et
1239 1658 1415 1739 neglectum
1428 1659 1484 1720 fuit

279 1747 349 1809 Non
362 1747 464 1828 itaque
480 1747 576 1809 lector
590 1747 659 1809 illos
668 1746 868 1829 impossibilia
882 1754 1003 1809 tentare
1010 1754 1128 1826 putato,
1145 1747 1195 1828 qui
1210 1747 1300 1809 hodie
1312 1748 1348 1810 ‘in
1358 1747 1428 1810 anni
1441 1756 1511 1809 uate·
1554 1796 1555 1800 ,

192 1833 249 1896 litii
267 1835 381 1898 Christi
403 1835 669 1916 investigationem
691 1837 891 1909 exactiorem,
913 1854 1001 1916 quam
1022 1835 1081 1897 luit
1094 1835 1148 1898 illa
1168 1843 1322 1911 veterum,
1345 1836 1509 1899 incumbunt:
1552 1897 1555 1899 A

192 1943 288 2004 neque
304 1924 438 1987 laborem
459 1925 575 1987 irritum
600 1933 631 1986 te
654 1933 820 1988 sumtumm
837 1924 1021 2000 existimato,
1035 1943 1124 2006 quern
1132 1925 1164 1986 in
1173 1924 1338 1989 lectionem
1346 1925 1431 2006 hujus
1439 1923 1508 1988 libelli

190 2011 383 2093 impenderis,
399 2032 487 2094 quem
501 2015 604 2095 ntique
619 2013 754 2079 libellum
769 2013 1047 2079 totumcommodis
1062 2014 1123 2081 tois
1139 2013 1302 2077 destinavi

756 2368 876 2469 Caput
902 2367 970 2444 III.

236 2544 294 2609 De
308 2544 550 2608 eirmvutostiia
563 2544 735 2649 ssotimtotia
751 2493 975 2700 (qim
987 2544 1209 2629 Domspiliotas
1221 2546 1271 2611 uel
1280 2546 1477 2629 prodidomt

742 2655 777 2697 oe
975 2681 983 2697 .

183 2837 185 2844 r
277 2812 375 2893 Igitur
397 2811 520 2874 adrem
541 2811 639 2893 ipsam
660 2812 839 2875 accedamus
862 2819 895 2874 et
915 2814 1166 2878 circumstantias
1188 2813 1414 2896 expendamus,
1427 2809 1505 2894 (μὴ

191 2900 280 2964 inniti
296 2901 388 2963 debet
402 2901 534 2980 cognitio
550 2901 614 2962 veri
629 2901 700 2963 anni
715 2900 857 2967 natalitii.
1053 2910 1060 2926 ·

277 2989 515 3070 vulgatissimus
536 3008 601 3052 mos
624 2991 758 3070 gentium
779 3008 857 3072 pene
880 2989 1010 3053 omnium
1033 2991 1128 3053 totius
1151 2991 1248 3065 orbis,
1272 2991 1419 3055 historias
1432 3004 1505 3054 seruo

190 3086 345 3160 gestarum
361 3078 622 3141 circumscribendi
641 3098 763 3142 numero
779 3097 939 3154 annorum,
961 3095 1036 3160 quoa
1051 3079 1201 3142 haberent
1214 3079 1346 3160 imperia
1356 3099 1459 3162 regum
1470 3082 1505 3140 sul

189 3167 362 3249 praesidum
377 3175 431 3229 aut
446 3186 599 3230 sacromm
615 3168 795 3243 antistitum,
810 3168 907 3230 valuit
922 3168 1016 3231 etiam
1030 3169 1113 3249 apud
1123 3169 1269 3244 ludaeos,
1285 3190 1348 3232 non
1363 3171 1507 3248 internus·

191 3256 405 3318 consuetudine
426 3257 495 3317 inde
518 3270 536 3318 a
558 3256 653 3336 primo
675 3258 761 3337 regni
783 3257 863 3338 apud
877 3256 953 3322 ‚illos
976 3265 1099 3331 exortu,
1120 3258 1184 3319 sive
1199 3277 1274 3320 snae
1294 3260 1400 3340 gentis
1415 3257 1508 3338 regibus

190 3351 334 3426 parerent
349 3345 412 3406 sive
428 3344 550 3407 exteris.
583 3343 635 3407 Sic
650 3353 834 3427 usurpantur
849 3346 919 3407 anni
930 3344 1101 3408 Salomonis
1119 3353 1151 3408 et
1165 3354 1237 3427 post
1253 3347 1434 3412 divisionem
1446 3341 1509 3425 regui

192 3433 318 3496 alternis
335 3433 405 3495 anui
421 3450 526 3514 regum
540 3434 643 3496 Judae'
655 3442 687 3497 et
702 3434 825 3496 Israelis
840 3453 934 3515 usque
948 3434 991 3495 ed
1006 3434 1190 3496 exstinctum
1211 3454 1340 3516 regnum
1354 3436 1509 3507 Israeliso

191 3523 318 3604 denique
335 3521 405 3584 anni
422 3528 526 3602 regum
540 3523 638 3585 Judae
656 3523 713 3586 soli
728 3542 822 3605 usqne
838 3523 878 3585 ad
893 3521 1103 3604 captivitatem
1112 3523 1345 3605 Babylonicum.
1370 3524 1420 3588 Ex
1433 3543 1464 3586 eo
1477 3517 1509 3602 qui

188 3611 306 3691 priores
326 3611 513 3692 Babylonem
533 3619 696 3687 venemut,
721 3630 817 3674 anuos
840 3609 1035 3691 numerarunt
1058 3609 1371 3677 Nabuchodonosoris
1396 3623 1428 3676 et
1444 3609 1509 3675 Evil-

189 3700 349 3774 merodaci‚
365 3719 452 3781 quem
466 3700 576 3763 Daniel
590 3700 807 3764 Balthasarem
822 3709 921 3763 vocat
966 3697 1097 3771 Quidam
1108 3701 1212 3771 'etiam
1227 3721 1326 3765 annos
1343 3699 1509 3784 captivitatis

191 3809 263 3852 suae
279 3796 489 3864 numerarunt,
512 3786 586 3870 quo‘s
607 3789 688 3852 inter
700 3789 851 3852 Ezechiel.
889 3788 964 3852 Inde
987 3788 1083 3851 diviso
1105 3789 1229 3871 imperio
1251 3792 1439 3872 amplissimo
1452 3790 1509 3852 inter

188 3878 341 3960 principes
362 3877 547 3959 Babylonios
568 3877 891 3941 Laborosoardacbum
919 3877 1042 3958 ejusque
1067 3886 1199 3942 tutorem
1221 3880 1509 3960 Ninglissorosouu

190 3975 223 4030 et
242 3967 322 4030 inter
337 3968 508 4049 Astyagem
523 3961 660 4045 (Danieli
678 3963 820 4046 Darium)
836 3966 973 4040 Medum,
997 3965 1147 4048 Cyaxaris
1163 3962 1232 4048 (seu
1246 3969 1375 4032 Danieli
1389 3958 1508 4041 Asmeri)

147 4047 152 4060 '
189 4057 294 4119 fllium:
318 4056 361 4118 illi
382 4055 508 4131 Judaei,
529 4055 579 4137 qui
593 4056 750 4137 Babylone
766 4056 956 4131 habitarunt,
979 4073 1075 4118 anuos
1096 4056 1200 4137 procul
1223 4056 1313 4121 dubio
1338 4058 1509 4121 numerarunt

189 4145 356 4227 principum
369 4144 545 4227 Babylonis,
560 4164 683 4226 quorum
698 4145 820 4208 ultimus
834 4143 1043 4220 Nabonnidus,
1058 4151 1093 4205 ut
1108 4145 1255 4225 astrologi
1269 4147 1434 4228 Babylonii
1448 4144 1508 4208 solo·

189 4235 279 4297 bant:
303 4235 353 4316 qni
375 4253 446 4297 vero
461 4234 493 4297 in
507 4233 610 4296 Media
630 4241 663 4296 et
683 4234 790 4297 Persia
812 4241 884 4297 sunt
903 4233 1035 4308 versati,
1058 4252 1131 4314 quos
1153 4234 1234 4296 inter
1255 4234 1371 4300 Daniel
1393 4244 1509 4315 senape

190 4322 351 4399 susorum,
373 4342 468 4385 annos
490 4331 687 4407 numerarunt
697 4322 785 4387 Darii
808 4342 860 4385 seu
874 4322 1040 4403 Astyagis,
1063 4330 1095 4384 et
1109 4322 1161 4385 illo
1177 4330 1268 4404 capto
1285 4345 1385 4389 annos
1401 4323 1508 4407 Cytiso

189 4432 283 4495 usqne
299 4412 394 4475 donec
411 4410 508 4493 Cyme
530 4411 690 4492 subjugato
705 4410 888 4475 Xabonnido
902 4410 1090 4492 Babylonem
1111 4411 1228 4492 imperii
1250 4421 1347 4495 oaput
1369 4409 1509 4495 occupavi,

114 4505 115 4509 ’
192 4521 211 4562 a
233 4521 290 4583 qno
313 4508 448 4582 ternpore
470 4518 548 4563 novo
570 4500 656 4562 initio
679 4502 761 4563 lacto
783 4499 893 4562 Judaei
919 4499 1053 4563 universi
1076 4509 1273 4564 numerarunt
1297 4523 1397 4567 annos
1418 4494 1509 4584 impul

191 4587 263 4672 Cyri
277 4589 471 4672 Babylonioi,
493 4588 601 4673 quippe
624 4589 703 4671 qnod
723 4591 812 4672 finem
833 4589 1020 4669 imposuerat
1041 4589 1214 4669 captivitati
1236 4610 1320 4654 suae.
1369 4591 1508 4665 Quiarero

190 4679 383 4742 nihilominus
399 4679 479 4742 servi
495 4686 584 4741 erant
595 4678 707 4742 Judaei
720 4679 891 4755 Persarum,
912 4677 981 4740 ideo
998 4677 1091 4741 etiam
1103 4687 1176 4760 post
1190 4680 1324 4744 reditum
1340 4679 1508 4746 uvrruersrunl

189 4784 244 4846 per
258 4786 354 4832 annos
368 4767 456 4837 Darii
470 4768 599 4842 Persae,
618 4768 747 4833 Assueri
762 4766 961 4842 sanxeritis,
981 4767 1183 4844 Artaxerxis,
1202 4776 1240 4832 ut
1260 4770 1294 4834 in
1315 4771 1403 4854 libris
1416 4769 1507 4841 usus
