3142 5482
235 237 296 298 540
716 230 745 282 ln
764 226 848 296 Opera
863 230 1044 297 chromtogicr

233 413 343 466 diatim
359 429 407 471 me,
428 413 519 474 idest,
538 412 604 465 nato
619 412 737 481 Josepho
751 412 836 465 Jacob
857 411 1028 465 discessitex
1044 410 1251 480 Mesopotamia,
1273 410 1352 479 cnjus
1373 410 1528 479 profectiori

233 508 333 546 causae
353 500 382 545 et
401 492 554 544 occasiones
575 508 593 544 a
612 492 702 544 multis
728 492 805 545 annis
831 497 894 544 sunt
917 491 1093 559 repetendae.
1132 491 1225 544 linita
1251 490 1325 544 enim
1352 493 1482 544 servitute
1501 495 1528 546 ll

232 582 369 634 annorum,
389 571 507 640 Josepho
527 578 590 624 tunc
610 572 726 624 nondum
746 577 818 633 nato,
839 569 1196 632 childemarcham,
1219 570 1331 623 dimitte
1352 587 1396 623 me
1415 578 1465 624 etc
1499 573 1527 624 ir

230 652 315 720 primo
336 651 441 721 quidem
461 666 556 718 passus
577 656 627 703 est.
639 650 690 703 sibi
703 650 874 719 persuaderi,
896 655 927 702 ut
945 655 1069 703 maneret
1088 649 1115 703 in
1134 649 1335 703 domoLabani
1356 665 1406 718 per
1425 652 1525 704 annosi

230 745 279 800 pro
299 738 375 783 certa
394 733 517 783 mercede
538 732 690 799 pecudum,
704 742 807 798 postea
818 745 896 791 vero,
916 723 976 782 cum
996 728 1066 782 haec
1085 745 1188 782 merces
1213 730 1342 782 omnibus
1363 731 1454 791 modia
1473 746 1526 799 (pru

231 811 327 863 Laban
348 809 590 862 inconstantissima
609 809 763 862 delinitione
789 809 1053 870 comminiscebatur,
1074 808 1231 861 foeneraret
1250 809 1374 872 Jacobe,
1396 826 1454 862 cum
1471 810 1525 862 hacc

230 890 395 942 incrementa
412 889 508 941 Jacobi
535 889 683 957 inciperent
709 889 852 941 invidiosa¹
865 905 925 940 esse
944 889 1074 950 Labano‚
1101 888 1139 940 sic
1160 890 1273 941 tandem
1299 895 1462 942 conventum
1484 889 1525 940 icit

230 970 301 1022 inter
320 984 441 1020 socerum
456 974 485 1020 et
499 983 637 1037 generum,
658 974 690 1020 ut
700 968 745 1021 ille
755 969 822 1022 alios
840 975 989 1038 quaereret
1008 974 1148 1021 curatores
1168 983 1290 1038 gregum
1312 975 1343 1021 et
1361 976 1525 1021 umentem

230 1063 350 1110 suorum,
377 1047 428 1099 iste
453 1048 486 1099 de
507 1048 592 1116 partis
618 1047 723 1100 vireret
751 1064 838 1118 eaque
863 1054 892 1100 et
910 1054 1014 1116 postea
1033 1054 1158 1117 augeret
1198 1049 1260 1100 Hoc
1285 1054 1349 1103 tam
1374 1049 1420 1100 diu
1444 1048 1523 1109 ιιιιιι.

230 1143 310 1197 quam
328 1127 433 1180 Rachel
453 1127 535 1180 etiam
554 1127 668 1195 peperit.

316 1233 361 1287 69
391 1226 486 1302 Itaque
507 1232 573 1285 Gen.
589 1232 635 1286 31.
654 1231 801 1302 requiritur
822 1239 851 1285 et
869 1232 939 1285 haec
959 1231 1163 1301 interpretatio.
1191 1232 1305 1285 idcireo
1328 1230 1372 1284 20
1391 1236 1471 1286 oanis
1483 1234 1524 1301 fri

229 1321 323 1375 tectos,
344 1312 372 1364 id
392 1312 480 1364 estin
505 1313 582 1364 domo
603 1318 631 1365 et
651 1308 761 1365 servitio
782 1318 837 1365 tuo.
877 1311 1008 1365 Nimirum
1028 1329 1065 1365 ex
1090 1311 1283 1382 sequentibus.
1310 1315 1357 1365 sic
1381 1329 1432 1403 per
1450 1311 1510 1364 20·
1500 1331 1523 1364 ro

228 1392 308 1446 dorae
328 1399 379 1444 tuo
398 1393 504 1444 serviro
525 1391 584 1450 titi,
605 1390 642 1445 14
659 1408 717 1461 pro
734 1391 863 1461 filiabus,
882 1389 903 1444 ⁶·
919 1404 977 1461 pro
995 1391 1136 1462 pupibus.
1471 1413 1472 1419 ¹

317 1499 361 1553 70
390 1497 511 1551 Videant
531 1497 615 1551 etiam
635 1497 715 1566 periti
736 1497 848 1567 linguae
862 1497 1023 1560 Hebraicae,
1044 1514 1080 1550 an
1093 1514 1148 1552 non
1167 1498 1256 1553 verba
1276 1498 1342 1552 illa:
1364 1507 1430 1551 noto
1448 1506 1523 1549 osten

226 1575 341 1645 Ioseph,
361 1577 464 1646 possint
473 1577 510 1629 sic
520 1577 610 1630 reddi:
631 1579 743 1630 interim
763 1586 861 1637 autera,
883 1578 949 1629 dum
962 1585 1126 1629 nosceretur
1142 1580 1226 1630 etiam
1243 1577 1366 1648 Josepb,
1388 1578 1522 1631 acciderunt

229 1657 283 1709 ista
303 1664 353 1709 etc.
395 1655 439 1710 Sic
460 1656 528 1710 enim
548 1675 601 1711 non
620 1657 679 1709 ilnis
701 1658 717 1711 6
739 1672 869 1710 annorum
896 1665 1063 1718 contractus,
1084 1657 1131 1709 sed
1152 1656 1286 1710 nativitas
1309 1658 1431 1727 Josephi,
1449 1657 1522 1710 multis

228 1735 304 1811 annis
313 1737 455 1804 posterior,
475 1738 506 1789 lit
515 1752 599 1789 causa
608 1737 710 1789 Jacobo
731 1734 912 1804 profectionis.
941 1737 979 1789 Et
987 1736 1056 1788 haec
1066 1751 1150 1788 causa
1160 1743 1203 1789 est
1212 1738 1361 1790 contextui
1375 1737 1521 1790 contorum.

316 1843 360 1897 71.
389 1843 449 1896 Hac
476 1843 518 1895 rel
545 1858 600 1896 una
626 1843 670 1896 vel
699 1844 789 1896 altera
817 1843 1031 1904 delumbatione,
1060 1841 1154 1894 summi
1179 1842 1282 1912 rigoris
1311 1843 1340 1896 in
1368 1844 1425 1897 loco
1452 1843 1522 1903 unico,

226 1920 396 1991 quantumvis
417 1923 486 1975 dura
510 1922 672 1992 legibusque
697 1922 881 1992 grammaticis
908 1917 1064 1985 contraria,
1085 1928 1178 1990 speret
1198 1923 1405 1983 Grammatico,
1430 1941 1457 1974 se
1474 1924 1522 1975 locs

226 2007 319 2054 cetera
338 2002 486 2068 compluria
506 2002 635 2054 tuituram
655 2009 732 2070 tanto
753 2001 861 2064 rectius,
881 1994 994 2055 utcirca
1014 2001 1062 2055 illa
1080 2000 1108 2054 in
1122 2001 1188 2070 jure
1208 2019 1259 2054 suo
1276 2018 1329 2071 per
1344 2002 1522 2057 arithmeticae

223 2079 286 2148 jura
306 2097 358 2133 non
379 2082 446 2133 adeo
468 2080 605 2135 evidenter
625 2080 794 2149 impediatur.
824 2075 884 2134 Non
906 2097 941 2133 sc
963 2080 1123 2151 generaturi
1144 2087 1207 2132 sunt
1230 2082 1380 2143 decennes,
1400 2099 1449 2134 non
1463 2083 1522 2133 bella

226 2165 326 2229 gerent
345 2159 431 2229 pueri,
452 2177 504 2212 non
520 2160 547 2213 in
562 2177 608 2213 rus
624 2160 701 2213 ibunt
721 2161 846 2222 infantes,
866 2177 918 2214 non
942 2156 1035 2213 aetate
1055 2160 1173 2229 Joseplro
1193 2161 1282 2213 minor
1303 2162 1360 2214 erit
1381 2162 1447 2214 alius
1464 2161 1520 2230 qn'a·

225 2240 297 2307 piam
316 2246 427 2307 praeter
446 2234 644 2308 Benjaminum;
666 2258 718 2293 non
739 2257 774 2293 sc.
796 2246 924 2293 nascetur
946 2240 1003 2293 seni
1018 2240 1121 2292 Jacobo
1141 2240 1192 2293 nisi
1213 2240 1322 2309 Josepb
1344 2237 1374 2293 et
1387 2241 1520 2308 Benjanim

162 2358 166 2367 .
226 2336 278 2371 non
297 2318 419 2387 rapietur
438 2321 532 2388 puella
552 2319 686 2383 sexennis,
706 2337 761 2373 non
781 2319 920 2373 aestuabit
941 2336 1033 2373 amore
1053 2318 1140 2387 major
1165 2320 1380 2390 octuagenario,
1400 2328 1428 2373 et
1445 2329 1521 2393 cetera

221 2395 345 2451 'absurda
363 2413 449 2468 usque
470 2400 504 2451 ad
528 2398 571 2452 18.

314 2478 358 2533 72.
387 2478 442 2535 Sed
462 2479 498 2544 ad
519 2478 646 2532 articulos
667 2477 794 2547 temporis
814 2484 945 2531 revertur.
972 2482 1064 2532 annus
1085 2477 1171 2546 igitur
1185 2479 1264 2533 2457
1285 2479 1381 2537 mundi
1398 2488 1437 2532 est
1450 2493 1520 2531 annm

225 2556 324 2610 exitus.
364 2551 441 2626 Ergo
463 2558 547 2611 2497.
569 2566 612 2610 est
631 2557 740 2611 ultimus
762 2557 870 2617 deserti,
891 2550 972 2615 radix
994 2557 1200 2618 sabbaticorum,
1223 2564 1253 2610 et
1275 2548 1357 2612 2504
1379 2567 1419 2611 est
1437 2558 1520 2627 prinus

224 2636 377 2689 directionis
385 2637 571 2693 Jubilaeorum
592 2639 737 2699 secundum
765 2637 930 2699 Samaritae,
952 2637 997 2707 qui
1018 2637 1125 2699 cumin
1144 2644 1220 2690 terra
1247 2655 1361 2708 semper
1385 2637 1520 2695 manserint

225 2716 342 2770 ordinem
372 2717 570 2770 continuarunt.
610 2717 709 2769 Judaei
730 2733 809 2780 vero,
836 2716 1032 2785 interruptione
1059 2717 1134 2769 facta
1158 2733 1208 2786 per
1236 2724 1348 2786 tempus
1374 2716 1521 2787 captivitatis

223 2801 372 2866 posteaque
387 2796 470 2849 etiam
478 2795 570 2864 primis
585 2790 661 2849 annis
676 2798 781 2849 solutae
803 2794 977 2864 captivitatis,
997 2813 1049 2848 non
1059 2797 1202 2849 observato
1218 2797 1426 2850 sabbaticoruro
1445 2798 1521 2849 ordine

224 2877 259 2927 ob
279 2875 478 2938 necessitatem,
500 2877 607 2949 tandem
628 2893 696 2928 novo
718 2875 793 2936 initio
815 2881 894 2944 capto
910 2891 928 2928 a
945 2877 970 2931 7.
980 2875 1154 2938 Artaxerxis,
1175 2876 1287 2929 foedere
1311 2877 1381 2929 inito
1397 2879 1429 2929 de
1444 2878 1519 2928 obser·

223 2954 319 3008 randis
345 2955 506 3018 sabbaticis,
532 2963 652 3008 veterem
677 2956 796 3009 ordinem
822 2956 968 3018 luxerunt,
993 2961 1032 3016 ut,
1053 2955 1097 3024 qui
1118 2962 1179 3008 erat
1199 2955 1266 3024 ipsis
1282 2954 1348 3023 jam
1374 2955 1520 3014 sabbaticus,

224 3040 297 3087 esset
317 3050 353 3088 ex
374 3034 484 3104 antiquo
505 3042 585 3087 notus
604 3034 778 3097 hebdomadis
798 3034 970 3088 Samaritani.
1012 3034 1087 3095 Quod
1108 3051 1169 3087 cum
1193 3044 1293 3088 notent
1315 3037 1402 3100 docti,
1428 3050 1520 3087 mutan

224 3121 315 3167 tamen
335 3113 379 3165 hic
400 3114 499 3167 dictam
519 3114 654 3184 ignorant

313 3192 357 3248 73.
387 3194 430 3248 Ab
451 3210 520 3247 anno
541 3211 605 3246 vero
617 3187 701 3256 2497,
722 3210 781 3246 cum
795 3193 848 3247 fuit
868 3193 1125 3262 occupataPeraea,
1147 3193 1284 3264 Jephthes
1305 3203 1432 3248 numerat
1451 3207 1520 3246 ιιιιιοι

224 3272 281 3326 300
303 3289 388 3342 usque
409 3274 444 3325 ad
464 3291 502 3327 se.
542 3274 587 3326 Ex
607 3273 704 3344 quibus
725 3273 870 3344 colligitur,
890 3280 1002 3342 praeter
1022 3273 1205 3349 occupationis
1227 3281 1324 3328 terrae
1346 3277 1373 3337 7,
1393 3285 1520 3344 praeterea

224 3351 373 3407 Othonielis
393 3353 440 3413 40,
460 3353 530 3408 Aodi
551 3353 597 3414 80,
618 3355 745 3407 Deborae
766 3354 794 3413 4,
816 3353 949 3406 Gedeonis
968 3355 1014 3414 40,
1035 3352 1202 3408 Abimelechi
1223 3352 1252 3416 3,
1274 3355 1383 3408 Tholae
1404 3357 1446 3415 23,
1464 3351 1517 3405 Jairi

226 3432 272 3495 22,
293 3438 322 3484 et
341 3431 550 3486 Philistaeorum
573 3433 617 3495 18,
638 3435 727 3486 adhuc
747 3432 853 3486 circiter
870 3433 906 3486 30
927 3435 1106 3494 numerandos
1118 3428 1176 3486 ¹sub
1191 3433 1332 3487 Josua'et
1352 3435 1518 3503 postiemum

224 3511 284 3578 (sub
300 3510 477 3565 servitutibus
491 3507 645 3574 nonnullis),
665 3520 696 3566 ut
711 3512 777 3564 facit
790 3512 933 3581 Josephus,
955 3518 1062 3566 secutus
1078 3511 1181 3565 initium
1197 3513 1261 3566 libri
1276 3514 1413 3568 Judicum.
1450 3514 1480 3566 Et
1497 3512 1517 3562 ir

223 3593 323 3643 dextra
348 3589 455 3660 qiridem
482 3591 655 3659 dispositione
687 3591 859 3646 inveniuntur
887 3593 944 3646 303
971 3608 988 3644 a
1014 3600 1133 3660 tempore
1159 3593 1256 3665 mortis
1281 3594 1370 3647 Musis
1391 3596 1433 3647 rel
1454 3607 1516 3644 oom-

221 3671 331 3741 patione
351 3676 442 3723 terrae
461 3671 624 3726 Moabitidis.

310 3769 355 3823 74.
385 3769 427 3823 Ab
449 3768 524 3822 initio
545 3768 630 3838 igitur
649 3769 795 3838 Jephthae,
816 3768 906 3823 mundi
927 3785 997 3822 anno
1018 3768 1110 3831 2800,
1131 3770 1181 3822 sub
1201 3772 1384 3839 sequentibus
1399 3770 1514 3840 judicto
1565 3785 1570 3840 ζ,

221 3848 307 3916 elapsi
328 3853 390 3901 sunt
410 3848 444 3902 31
469 3847 533 3901 anni
553 3865 637 3919 usquo
658 3850 692 3902 ad
712 3849 872 3917 principium
893 3848 1031 3901 servitutis
1051 3851 1186 3902 secundae
1205 3852 1259 3903 sub
1272 3852 1431 3905 philistaeis
1449 3864 1513 3902 aare
1565 3850 1569 3872 '³'

221 3944 280 3980 rum
300 3928 353 3991 40,
380 3944 532 3998 annumque
557 3929 648 3982 mundi
669 3929 834 3998 28321]ιὶ
854 3936 915 3980 erat
937 3929 1010 3982 1162
1032 3944 1058 3982 a.
1080 3929 1127 3981 Ch.
1168 3930 1278 3983 Abhinc
1298 3940 1468 3985 numerantur
1483 3929 1511 3980 10

221 4007 438 4070 Pbilistaeorum,
459 4010 497 4064 40
519 4008 572 4070 Eli,
594 4009 631 4062 20
652 4008 788 4063 Samsonis
810 4015 839 4061 et
861 4008 907 4061 alii
929 4009 965 4063 20
987 4008 1035 4062 suh
1056 4008 1196 4061 Samuele:
1222 4025 1333 4064 summa
1356 4013 1417 4066 120.
1453 4010 1511 4069 0¹¹8
1569 4034 1570 4037 ¹

221 4103 331 4149 summa,
344 4087 605 4140 -connumeratisad
626 4088 773 4156 Jephtham
793 4088 859 4150 303,
886 4104 945 4142 cum
966 4105 1018 4140 non
1045 4095 1151 4140 tantum
1177 4089 1264 4142 libros
1284 4092 1397 4163 Regum
1415 4093 1509 4158 aptet
1563 4112 1571 4136 τ

220 4168 267 4218 sed
288 4166 370 4219 etiam
383 4167 600 4224 numerationem
618 4168 698 4221 Pauli
717 4173 777 4224 Act
799 4170 841 4223 7;
851 4170 930 4220 datur
951 4163 1035 4236 igitur
1056 4167 1181 4238 intelligi,
1201 4171 1364 4224 redundare
1383 4187 1458 4224 noos
1473 4168 1508 4222 lt
1549 4170 1567 4213 ἰ

220 4262 306 4315 eoque
326 4246 470 4301 verisimile
487 4254 540 4308 est,
561 4249 667 4300 eosdem
688 4264 748 4300 esse
768 4249 806 4302 40
826 4248 871 4301 Eli
892 4253 920 4299 et
941 4248 977 4302 20
995 4247 1205 4301 Philistaeorum
1227 4250 1349 4314 ultimos,
1370 4268 1427 4303 cum
1444 4262 1507 4300 seru·
1566 4283 1571 4293 ·

219 4326 272 4380 tuti
291 4327 369 4379 finem
390 4326 547 4394 imposuerit
566 4326 679 4380 Samson
704 4328 930 4396 occupaveritque
956 4327 1073 4396 reliquos
1095 4328 1132 4380 20
1153 4329 1199 4381 Eli
1218 4331 1397 4398 posteriores
1433 4331 1506 4396 laque
1570 4375 1571 4385 .

219 4407 313 4459 eodem
333 4413 454 4474 tempore
480 4405 610 4474 perierint
628 4406 714 4475 primo
735 4407 861 4469 Samson,
881 4408 964 4475 paulo
985 4416 1046 4475 post
1066 4425 1103 4461 ex
1123 4407 1183 4476 eJ'us
1211 4410 1359 4465 occasione
1379 4411 1452 4464 etiam
1466 4403 1504 4460 sl
1555 4430 1566 4475 γ

218 4502 271 4556 quo
291 4486 426 4545 exstincto
441 4485 594 4553 judicatum
614 4486 649 4538 sit
669 4501 783 4539 exorsus
803 4487 913 4541 Samuel
934 4488 970 4542 20
991 4502 1129 4541 annorum

307 4593 352 4646 75
382 4598 454 4647 Ante
470 4593 517 4646 ch.
539 4591 623 4663 igitur
647 4592 730 4654 1083,
751 4593 841 4648 mundi
863 4593 1015 4647 aelosani
1036 4595 1138 4646 electus
1160 4593 1501 4664 praememoratae
1538 4560 1561 4649 ῚΞι

218 4672 303 4724 habet
321 4674 431 4725 Paulus.
472 4673 644 4742 Collignntur
671 4680 761 4727 autem
790 4673 808 4726 ii
835 4691 879 4726 ex
898 4678 991 4727 aetate
1015 4675 1140 4783 isboseth
1166 4676 1214 4730 lilii
1243 4685 1274 4732 et
1298 4680 1372 4733 Sauli
1396 4667 1499 4744 conjugiis
1548 4688 1562 4729 t

218 4752 383 4822 filiorumque
402 4752 495 4806 ordine
514 4752 670 4807 nativitatis.
1239 4792 1247 4799 .
1547 4790 1548 4793 =
