3142 5476
553 280 865 351 commemorasses
1313 261 1381 329 1-13.

72 416 105 479 slr'
116 435 176 479 cum
190 416 326 501 Suslyga
339 419 470 496 Polono,
491 421 623 488 Dsckeri
637 425 733 489 vestri
755 425 846 506 pullo,
861 425 893 488 iu
906 431 994 507 parte
1009 423 1078 489 libri
1094 431 1192 500 oeno,
1214 423 1260 488 ite
1273 431 1309 488 ut
1322 444 1382 488 unu

69 525 124 568 arno
136 507 233 587 ipsmn
248 527 410 589 superasse
425 509 539 574 videar.
647 572 649 577 a
1462 524 1470 539 ⁸

115 590 262 662 (Ζίιψωι
287 596 436 660 ligatorium
451 605 523 650 tuum
540 600 775 668 cosmographiam
791 615 856 654 tuuc
874 600 942 655 1596
959 602 1054 654 edimur
1069 604 1123 666 jam
1142 601 1185 652 dtu
1199 601 1298 654 *lrusma
1315 600 1384 667 spui

64 668 206 731 mutulos
222 675 347 718 umtrates
360 671 466 735 inquiro,
484 679 511 721 et
528 677 614 724 tamen
625 677 732 738 elusus
751 676 818 740 cepit
830 674 990 746 desiderium,
1008 680 1062 725 tum
1073 680 1133 724 ante
1151 687 1182 723 ex
1193 672 1299 724 lectione
1312 670 1388 740 Opti·

63 750 125 788 carum
136 746 225 797 ortum,
237 747 292 790 tum
303 755 384 805 nuper
395 756 425 791 ex
437 743 487 792 tuis
500 743 597 807 literis.)

128 810 199 872 Dixi
213 811 246 872 in
260 819 351 893 parte
366 812 448 890 libri3
466 815 532 896 quis
549 815 626 878 enim
635 817 783 880 Hercules
799 817 944 880 adversus
959 815 1043 879 illum
1056 815 1261 897 prodigiosum
1277 831 1382 877 cumu-
1478 826 1480 830 ’

59 897 103 958 lum
115 898 277 962 lectionum
292 902 389 963 totius
405 903 611 985 antiquitatis,
634 926 723 989 quam
738 925 794 986 ego
811 907 929 988 quidem
952 905 1111 968 exosculor
1133 922 1280 987 quamque
1296 922 1382 984 gem-

58 1003 119 1062 mam
140 1007 207 1051 esse
234 998 267 1051 et
287 988 400 1053 habere
421 993 501 1055 volni
523 1012 608 1056 meae
635 997 832 1075 βιβλιοθηκης.
876 994 973 1059 Stilus
991 993 1166 1076 juveniliter
1196 993 1330 1058 luxuriat
1352 998 1385 1054 et

57 1075 189 1155 allegoriis
210 1078 302 1165 ludit,
325 1097 415 1160 quae,
436 1098 469 1143 rs
492 1082 623 1145 noudum
644 1103 806 1166 persuasa,
828 1084 940 1149 differri
962 1082 1102 1167 debuisse
1124 1082 1275 1145 videntur.
1319 1080 1384 1144 Res
1448 1100 1450 1107 ⁴

57 1163 108 1243 ipsa
120 1184 192 1228 rero
207 1166 391 1230 Declserium
407 1177 561 1233 auctorem
577 1173 666 1236 facile
681 1172 790 1254 prodit

124 1254 172 1316 De
192 1255 282 1318 libris
307 1258 491 1331 (maumcrtptir
503 1269 529 1317 in
540 1268 691 1320 bibliotheca
708 1268 838 1334 hospitalis
854 1283 931 1334 prope
949 1280 1044 1333 pagum
1063 1267 1171 1326 curam
1191 1281 1252 1332 quor
1271 1273 1386 1318 mmet

59 1348 177 1415 lanum)
206 1345 309 1407 beasti
330 1366 378 1410 me
404 1347 533 1411 historia
560 1357 592 1411 et
615 1351 795 1414 desiderium
820 1368 869 1411 me
897 1349 1023 1411 incessit
1043 1348 1161 1410 visendi
1183 1347 1290 1411 librum
1313 1348 1383 1410 Me·

60 1431 162 1494 stilae
185 1433 223 1494 de
245 1436 377 1498 motibus
400 1437 551 1500 coelorum
574 1433 647 1518 (nisi
669 1439 789 1520 punctis
809 1437 935 1502 mutatis
953 1437 1152 1500 Arabicarum
1175 1436 1384 1499 characterum

59 1519 209 1584 llesahalla
224 1518 299 1602 sit);
322 1525 396 1587 item
411 1525 611 1590 Merentiadis
634 1527 780 1608 astrologi
797 1526 1028 1608 adpetitionem
1045 1524 1236 1589 Scuamioha
1268 1522 1383 1595 Quodsi

60 1607 126 1670 ll'l.
140 1610 266 1675 dabitur
281 1632 398 1676 rursum
412 1614 591 1696 inspiciendi
604 1616 699 1680 libros
714 1617 793 1691 illos,
813 1634 887 1697 rogo
902 1622 937 1677 nt
953 1614 990 1678 de
1006 1621 1109 1677 aetate
1126 1613 1283 1695 scriptoris
1299 1621 1332 1677 et
1347 1614 1384 1676 ds

62 1697 307 1763 observationibus
323 1703 580 1784 aequinoctiorum
602 1706 771 1788 ceterisque
793 1705 836 1768 sis
859 1703 1073 1767 sollicitus-
1095 1702 1265 1785 Epistulam
1287 1710 1386 1766 totam

62 1783 158 1850 (iuliis
182 1789 317 1879 dicatam
332 1793 612 1872 pulcherrimo-fine
638 1812 765 1857 coronas
788 1793 1000 1857 observatione
1022 1791 1147 1856 insolita
1160 1791 1259 1866 iridis,
1282 1791 1384 1872 qu‘us-

61 1876 122 1937 uodi
138 1878 275 1941 studiose
292 1881 416 1961 colligo:
433 1882 487 1944 sed
503 1901 607 1945 omnes
622 1891 676 1945 tna
690 1883 809 1945 isthaec
824 1882 919 1945 iincit
933 1880 1071 1944 raritate.
1101 1881 1150 1944 Ex
1166 1880 1301 1943 omnibus
1318 1880 1392 1971 qui·¹

61 1962 111 2024 lem
129 1965 204 2028 haec
227 1968 355 2048 colligo,
377 1989 489 2050 magna
504 1990 562 2034 nos
577 1971 767 2053 ignoratione
783 1984 910 2034 naturae
932 1969 1046 2045 teueri;
1071 1977 1104 2032 at
1119 1969 1231 2044 nescio,
1255 1968 1386 2032 auhsau

61 2053 206 2132 speculatio
221 2055 291 2137 ipsa
305 2056 362 2120 hoc
378 2058 465 2122 nobis
481 2059 579 2135 dicat,
602 2061 764 2124 tacendum
786 2059 895 2141 opticis
917 2058 1059 2141 loquente
1074 2060 1151 2124 Deo.
1165 2091 1211 2104 -
1224 2058 1305 2121 Vale
1318 2057 1386 2122 Re·

1 2224 7 2235 ·
60 2142 169 2205 ruenda
183 2143 243 2206 Vir
259 2152 291 2207 et
307 2164 371 2209 rem
386 2149 620 2211 astronomicam
636 2148 740 2212 sedulo
756 2166 848 2230 agere
862 2167 965 2230 perge.

113 2265 198 2318 Altera
208 2265 316 2333 Kepleri
327 2269 441 2335 epistola.
453 2270 547 2324 serari
557 2274 690 2339 praecipue
703 2272 790 2351 literas
802 2279 928 2339 maana,
940 2271 1004 2323 haec
1016 2276 1068 2322 est:

16 2390 27 2445 r
129 2372 205 2437 Sero
223 2375 386 2439 admodum
400 2396 457 2442 nco
472 2379 530 2442 nisi
545 2380 714 2462 postillam
729 2380 824 2455 diem,
845 2398 904 2461 quo
925 2377 1055 2462 hiucad
1074 2380 1227 2439 mercatus
1247 2376 1393 2440 Franco··

10 2449 18 2528 i,
61 2461 195 2525 manses
211 2464 379 2528 discessum
396 2474 459 2543 est,
481 2466 587 2532 literas
608 2476 730 2532 vestras
747 2468 812 2541 Cal,
827 2468 907 2549 Aug.
928 2466 1106 2547 obsignatas
1122 2466 1234 2545 accepi.
1278 2465 1393 2547 Itaquej

58 2551 222 2615 tarditatem
242 2553 274 2616 in
290 2555 499 2637 respondendo
523 2558 584 2620 uon
606 2577 723 2622 omnem
744 2558 817 2621 mihi
837 2555 1036 2639 imputabitis.
1074 2553 1175 2617 Grata
1189 2553 1261 2616 mihi
1276 2554 1334 2616 fuit
1349 2554 1386 2617 de

56 2637 191 2721 Coigueto
212 2643 340 2718 relatio,
361 2663 455 2726 eoque
471 2647 602 2728 gratior,
627 2648 707 2730 quod
722 2649 761 2710 ab
775 2646 913 2711 Adriano
928 2644 1066 2708 Romano
1081 2643 1234 2723 profecta,
1256 2642 1341 2722 cujus
1356 2643 1388 2704 in

54 2727 125 2792 bisce
151 2731 370 2813 perspiciendis
392 2734 545 2815 cognitam
566 2736 664 2799 habeo
693 2736 890 2817 diligentiam.
933 2732 1002 2797 Erit
1023 2732 1100 2794 haec
1122 2738 1177 2792 tna
1198 2746 1293 2811 opera
1314 2728 1388 2793 mihi
1413 2804 1416 2807 ,

53 2817 125 2881 utilis
138 2819 168 2881 in
182 2820 289 2895 literis,
306 2840 380 2903 quas
398 2823 550 2905 adipsum
566 2823 748 2906 Ooignetum
766 2824 896 2887 destino.
1330 2905 1337 2920 ⁶

1 2921 2 2929 ¹
127 2907 250 2989 Lydiati
263 2910 360 2990 Angli
372 2911 506 2975 libellum
521 2914 558 2976 de
574 2933 720 2978 annorum
735 2913 838 2977 formis
854 2912 936 2975 inter-
948 2910 1063 2992 primos
1078 2907 1146 2989 emi
1189 2905 1403 2987 Diligentiam,
1449 2976 1451 2986 ξ

1 2997 3 3006 ’
50 2998 214 3060 romuliam
227 3001 261 3061 in
274 2999 404 3080 legende
420 3010 453 3063 et
467 3001 648 3083 pensitando
665 3001 903 3084 castigandoque
919 2998 1073 3080 Scaligeri
1089 3014 1180 3079 opere
1202 2996 1240 3058 de
1255 2996 1388 3076 Tempo-

50 3085 124 3147 ribus
139 3088 347 3151 animadverti.
371 3132 372 3135 =
390 3089 498 3172 Itaque
521 3091 629 3174 aliquis
644 3091 693 3154 hic
708 3090 938 3154 illinsanctoris
954 3107 1027 3151 usus
1044 3104 1113 3149 esse
1128 3084 1252 3166 poterit
1290 3083 1388 3148 Gete-

50 3193 107 3236 mm
126 3175 158 3237 in
179 3175 315 3241 themate
337 3177 404 3259 ipso
427 3179 530 3243 delicit
549 3200 624 3262 opus
646 3181 762 3243 atituli
785 3178 990 3261 amplitudine.
1031 3173 1234 3257 Tyrannidem
1258 3173 1388 3235 inrisam

51 3264 159 3344 passim
173 3264 312 3347 abrogat,
327 3285 437 3329 novam
451 3267 517 3349 ipse
533 3269 659 3331 stabilit
688 3268 855 3354 Honestior
870 3275 920 3330 est
935 3285 1008 3330 sans
1024 3263 1079 3327 illa
1093 3262 1232 3345 tyrannis
1247 3262 1302 3354 sub
1319 3282 1388 3325 cre-

50 3351 181 3416 berrimis
196 3352 348 3435 Scaligeri
362 3357 486 3420 vocibus
503 3367 574 3432 est,
592 3358 676 3433 fuit,
695 3359 777 3421 nullo
792 3376 849 3420 nec
864 3365 989 3420 auctore
1004 3372 1061 3416 nec
1076 3351 1195 3415 ratione
1211 3350 1303 3427 dicta,
1318 3351 1390 3433 quia

50 3442 179 3505 mascula
194 3451 258 3504 est:
282 3450 317 3506 at
330 3463 385 3524 pro
401 3445 459 3508 bac
474 3446 561 3510 nobis
576 3447 726 3529 Lydiatus
746 3444 931 3509 subintrudit
951 3441 1233 3522 arrogantissimam
1248 3441 1388 3522 ctplane

48 3529 268 3595 intolerabilem
290 3534 482 3613 tyrannidem
504 3554 577 3599 snae
604 3537 716 3611 doxae,
744 3534 1008 3598 fastidiosissimae
1033 3531 1178 3606 feminae,
1200 3530 1248 3592 cni
1270 3545 1390 3611 semper

50 3620 232 3682 contrarium
262 3621 390 3685 videtur.
440 3624 548 3707 Itaque
580 3623 612 3688 iu
642 3632 731 3688 teuta
759 3623 940 3705 praesertim
975 3619 1177 3683 astronomiae
1207 3618 1390 3700 ignorantia,
1445 3680 1447 3685 ,

53 3717 325 3790 tautapraeterea
348 3714 445 3776 trabis
473 3714 680 3794 magnitudine
708 3706 739 3776 in
766 3712 852 3776 oculo
875 3711 1012 3793 proprio,
1038 3709 1108 3790 jure
1129 3708 1310 3772 modestiam
1331 3707 1389 3770 ho-

48 3796 133 3859 minis
155 3797 296 3862 desidero
317 3800 348 3862 in
371 3802 503 3864 eruenda
524 3804 643 3865 festuca
665 3821 703 3865 ex
719 3802 805 3867 oculo
822 3800 980 3882 Scaligeri.
1026 3796 1209 3880 Quicunque·
1222 3796 1301 3859 hano
1315 3813 1391 3877 pro·

49 3885 175 3948 muciam
193 3887 231 3950 iis
246 3888 480 3965 conditionibus,
501 3910 575 3972 quas
596 3891 670 3966 dixi,
691 3888 827 3972 suscipit,
847 3891 875 3952 ei
891 3908 948 3970 ego
971 3888 1104 3968 spondeo
1125 3886 1244 3950 fidelem
1260 3903 1392 3967 operam,

51 3975 102 4037 sed
118 3994 187 4037 eam
202 3997 223 4038 a
232 3976 347 4056 judicio
362 3980 458 4060 magis
475 3987 507 4042 et
520 3979 665 4054 mathesi,
680 3999 769 4061 qnam
784 4000 805 4041 a
817 3977 949 4041 lectione
965 3985 1137 4052 auctomm,
1159 3994 1218 4056 qua
1233 3974 1392 4037 destituor.
1483 4063 1488 4067 ῃ

51 4063 194 4127 Ceterum
208 4075 244 4127 ut
258 4066 386 4130 feliciter
400 4069 547 4150 procedat
561 4069 635 4131 talis
651 4069 785 4149 scriptio,
801 4087 876 4148 opus
891 4068 1011 4130 videtur
1026 4065 1122 4147 ipsius
1131 4063 1282 4147 Scaligcri
1290 4082 1393 4144 opera,
1479 4092 1482 4104 ·

2 4206 5 4231 ,
48 4162 80 4214 ut
98 4154 370 4219 communicatione
392 4157 594 4220 bibliothecae
617 4164 649 4219 et
669 4156 856 4238 quorundam
878 4154 1049 4236 descripta,
1067 4161 1104 4216 ut
1118 4151 1392 4235 'Ignatianaeepi

5 4265 12 4274 ·
48 4243 146 4305 stolae
168 4241 222 4304 &a
243 4243 350 4308 haberi
370 4246 498 4327 possint
541 4243 621 4317 Quin
643 4246 735 4308 etiam
749 4246 896 4320 interest,
920 4263 978 4326 quo
999 4252 1123 4307 anctore
1143 4240 1315 4305 scribantur
1334 4241 1393 4304 bac

48 4339 155 4405 notae;
180 4333 280 4395 omnia
294 4335 495 4415 praeiudiciis,
511 4335 611 4398 omnia
627 4335 703 4397 odiis
718 4342 944 4416 praeoccupata
958 4329 1055 4396 vides.
1081 4328 1115 4395 si
1131 4331 1252 4394 Jesnits
1268 4329 1393 4405 scribat,

46 4421 125 4501 apud
135 4421 215 4495 illos,
232 4441 327 4503 penes
336 4443 412 4506 quos
421 4430 539 4506 regnat,
554 4442 608 4504 pro
618 4443 678 4486 non
688 4422 802 4504 scripto
812 4421 950 4486 babetur.
958 4425 991 4492 (i)
1009 4420 1108 4484 Movit
1122 4438 1171 4483 mc
1188 4415 1245 4501 (ut,
1261 4417 1394 4483 aScali·

47 4528 118 4590 gero
143 4510 316 4591 digressus,
342 4513 381 4575 ad
402 4532 450 4576 me
471 4509 607 4594 veniam)
631 4511 835 4575 consideratio
856 4512 976 4589 eadem,
996 4517 1044 4584 ut,
1071 4527 1147 4591 quae
1167 4509 1223 4571 snb
1242 4507 1395 4590 praesidio

47 4599 143 4661 vestri
163 4599 342 4664 Dackerii
364 4601 523 4684 Suslyga
544 4601 678 4664 Polonus
700 4601 738 4663 de
757 4600 909 4664 Natalitio
932 4598 1049 4664 Ohristi
1071 4597 1208 4678 scripsit,
1235 4595 1396 4661 occasione

47 4687 144 4752 libelli
159 4689 218 4752 mei
235 4690 273 4764 de
290 4688 391 4754 Stella
408 4691 583 4754 recuderam
604 4689 738 4772 meisque
757 4689 944 4765 hominibus,
966 4688 1022 4752 sub
1043 4687 1150 4767 quibus
1163 4693 1256 4751 natus
1272 4694 1305 4750 et
1319 4685 1396 4749 edn-

49 4787 136 4842 catns
153 4797 219 4842 sum
234 4787 268 4841 et
283 4798 408 4860 qnorum
422 4779 652 4863 congregationi
662 4779 790 4861 jubente
806 4777 933 4845 Christo
949 4777 1108 4862 acquiesco
1125 4770 1288 4861 (exceptis,
1302 4795 1397 4862 quae·

100 4882 191 4933 [epium
204 4884 277 4933 opera
288 4884 324 4925 lv.
874 4923 878 4937 ⁶
1169 4881 1188 4934 0
1392 4895 1393 4903 ¹
