3144 5474
139 304 141 313 ,
213 247 277 313 278
632 264 770 330 respousa
783 215 1086 317 mercimoniam.

212 408 343 473 tinaciae
358 407 507 472 indultum
521 407 567 469 iri
611 407 688 488 Legi
703 409 784 470 enim
798 416 868 470 tuus
883 408 1028 483 rationes,
1043 427 1099 470 neo
1114 408 1216 471 iuveni
1232 407 1399 490 quiequam,
1418 409 1514 490 quoin
1561 397 1563 400 Α

214 498 305 561 aliter
319 517 436 561 mecum
449 498 517 579 ipso
534 496 647 560 sentire
658 498 776 578 jubeat
791 516 881 578 quam
895 497 1135 581 ultimoseripsi.

300 588 347 651 Ne
368 607 439 650 vero
455 586 576 657 libellus
598 586 657 648 iste
678 588 719 649 sit
741 587 824 649 solus
847 595 879 648 et
900 594 935 648 nt
953 606 1071 671 mrsum
1094 586 1198 649 tacitis
1221 587 1284 650 tuis
1308 587 1521 650 admonitionibus

191 733 193 737 ,
213 678 373 758 obsequar,
389 676 439 758 qui
454 671 607 739 mentione
621 675 778 741 literemm
793 677 874 738 iuter
888 676 1061 743 noserebro
1071 676 1293 742 missitatemm
1306 683 1342 738 et
1356 676 1523 757 publicatione

212 767 301 851 hujus
323 773 395 828 tuae
417 765 580 849 Epistolae
594 765 706 828 videris
736 787 756 827 a
776 785 824 828 me
846 773 995 828 maturam
1021 765 1147 828 illamm.
1163 765 1403 846 publicationem
1429 766 1528 846 exigere

212 857 320 939 quippe
337 874 426 937 quem
440 854 620 935 promissam
636 877 655 917 a
670 875 717 919 me
733 855 836 936 legisti
853 856 884 917 iu
898 874 1012 936 nupero
1027 874 1094 917 meo
1109 854 1212 917 libello
1229 860 1261 925 (v.
1276 879 1296 912 a
1318 879 1343 928 pr
1355 860 1427 924 206).
1439 875 1528 918 moras

212 965 269 1027 que
290 963 375 1007 meas
396 944 470 1007 mihi
486 946 683 1024 exprobrare:
712 945 791 1027 qued
812 945 906 1025 igitur
930 945 1085 1007 commodo
1100 944 1285 1024 reipublicae
1309 944 1461 1008 literariae
1480 946 1530 1008 sub

212 1034 347 1116 sidioque
362 1034 602 1109 veritaticedet,
618 1035 781 1115 adjungam
795 1035 928 1114 Ecloges
945 1033 1114 1098 Chronicas
1130 1053 1168 1096 ex
1184 1033 1404 1114 epistolis-tuis
1420 1036 1531 1098 alieron·

212 1142 268 1205 que
285 1131 317 1185 et
332 1123 407 1186 meis
428 1124 549 1197 mutuis,
564 1144 624 1186 nou
641 1124 830 1188 dissimulato
840 1123 1062 1204 velsuppresso
1078 1130 1130 1185 tuo
1146 1124 1275 1198 nomine,
1292 1132 1327 1185 ut
1343 1125 1383 1186 de
1400 1132 1432 1186 te
1446 1133 1473 1186 et
1485 1125 1533 1186 ebir

214 1214 313 1274 faeere
330 1213 544 1295 cogitaveram.
589 1214 668 1276 Illud
684 1221 786 1275 temen
803 1231 926 1294 operam
942 1213 1036 1285 dabo,
1058 1221 1093 1274 ut
1110 1231 1181 1275 vere
1198 1213 1375 1288 exhibeam,
1397 1214 1471 1296 quod
1482 1233 1533 1294 pro·

212 1302 308 1377 fiteor‚
321 1300 455 1384 E'eloges
471 1303 608 1364 uimimm
625 1302 810 1366 chronicas:
835 1321 905 1366 uam
921 1302 1060 1383 quicquid
1083 1302 1122 1363 ad
1137 1310 1275 1382 tempora
1291 1322 1354 1365 uon
1371 1304 1534 1384 spectarent

211 1391 358 1466 omittam,
374 1392 513 1474 quiequid
530 1393 568 1454 ed
584 1393 705 1472 private
719 1392 874 1474 utriusque
890 1391 1028 1471 negotia,
1051 1391 1191 1473 quicquid
1206 1400 1332 1472 praeter
1350 1392 1533 1472 chronologice

211 1481 249 1543 ad
265 1481 410 1543 honorem
426 1490 480 1543 eut
494 1481 654 1544 ludibrium
663 1482 839 1544 alterutrius
856 1481 1133 1543 amelevolistrehi
1148 1490 1263 1561 posset,
1280 1482 1368 1562 eujus
1385 1482 1532 1562 scriptorem

211 1570 323 1649 pudere
340 1571 410 1632 olim
425 1578 540 1650 posset,
554 1590 723 1652 quenquam
739 1571 780 1633 nil
795 1571 884 1650 hujus
895 1569 961 1651 jem
974 1570 1105 1642 memini,
1122 1571 1159 1632 id
1175 1589 1248 1632 vero
1264 1576 1367 1632 totum
1383 1571 1470 1634 sicubi
1483 1569 1531 1652 quid

210 1660 377 1737 occurrerit
390 1679 450 1722 une
465 1660 557 1721 litura
572 1660 719 1737 inducam.
1563 1709 1565 1719 2

296 1749 345 1810 Ex
361 1749 426 1828 ejus
440 1749 510 1811 libri
525 1750 655 1811 lectione
672 1769 760 1830 spero
775 1750 908 1812 lectores
924 1769 985 1812 uon
1000 1754 1119 1810 tautum
1134 1748 1192 1810 hoo
1206 1748 1337 1823 visuros,
1361 1758 1430 1813 uter
1443 1748 1529 1811 meliori
1562 1798 1564 1809 1

204 1837 273 1919 jure
295 1838 327 1901 in
343 1859 398 1900 sua
420 1839 573 1901 sententie
594 1839 810 1919 permanserit,
832 1837 912 1920 quod
928 1839 958 1900 iu
974 1838 1120 1918 principio
1143 1845 1214 1901 tuae
1231 1837 1385 1918 epistolae
1402 1840 1527 1919 protessus
1559 1836 1563 1879 ¹

210 1947 252 2002 ee,
268 1934 299 1989 et
314 1936 382 1990 uter
398 1947 431 1989 se
441 1947 552 2009 passus
569 1928 659 1990 fuerit
675 1929 711 1991 de
722 1929 811 1991 rebus
822 1928 943 1990 maximi
960 1926 1104 1990 momenti
1120 1926 1230 2012 erudiri
1247 1934 1302 1989 eut
1319 1928 1411 1990 aliter
1425 1927 1527 1998 iustitie

210 2017 263 2079 sed
278 2025 476 2097 pereepturos
492 2017 585 2079 etiam
600 2036 667 2079 cum
683 2018 719 2081 de
735 2019 793 2080 hae
810 2026 874 2080 tum
884 2016 920 2079 de
937 2017 1004 2079 eliis
1021 2015 1200 2098 quibusdem
1210 2016 1444 2080 cohaerentibus
1457 2036 1524 2098 quee—
1557 2063 1559 2071 ,

211 2104 359 2168 stiouibus
375 2126 436 2168 nou
452 2107 702 2170 contemnendam
717 2127 756 2169 ex
771 2106 922 2170 rationum
939 2106 1081 2187 conflictu
1097 2105 1162 2167 veri
1178 2105 1394 2190 coguitionem.

296 2195 422 2257 Interim
445 2196 511 2258 vale
533 2205 567 2259 et
589 2197 620 2259 in
640 2196 846 2264 emaculaudis
867 2197 928 2259 tuis
943 2195 1129 2276 temporibus
1147 2203 1269 2259 strenue
1286 2214 1399 2276 perge,
1421 2203 1521 2259 utteuto

209 2283 307 2346 miuus
322 2284 390 2347 eliis
405 2284 558 2367 relinquas
573 2286 722 2349 materiae
735 2294 855 2351 tuorum
877 2285 1130 2368 corrigendomm
1167 2284 1265 2348 Lincii
1281 2284 1371 2348 XVI.
1389 2285 1520 2350 GetFebr.

210 2392 288 2434 enno
305 2393 395 2436 aerae
412 2373 654 2527 Ghrqstieuorum
669 2376 901 2442 occidentalium
919 2375 1012 2451 1614,
1028 2374 1077 2456 qui
1094 2381 1144 2436 cst
1160 2373 1216 2436 tibi
1232 2372 1518 2459 exuetiviteteChn‘sti

214 2460 305 2535 1616,
321 2462 393 2525 mihi
409 2462 468 2525 161
495 2508 502 2524 .
979 2458 981 2464 ’

980 2626 984 2631 »
1029 2601 1040 2686 ¹
1126 2585 1267 2649 Joarmes
1280 2585 1455 2669 chplerre.
