3112 5474
380 329 384 337 ,
456 266 539 336 Caput
550 232 618 322 xm.
631 202 846 337 ιριιιιίιιίςιιιιικ
1255 249 1315 318 361

35 432 106 494 uque
120 419 181 475 eat
193 410 366 495 triptutc“.·
394 428 486 476 unum
498 413 637 496 idemque
652 414 845 485 intervallum
860 421 893 476 et
907 412 994 494 quasi
1009 413 1051 476 25
1067 422 1101 477 et
1113 413 1200 496 quasi
1214 413 1257 477 30
1271 415 1320 476 fa-

35 502 91 564 ιιιΙ
123 501 226 566 Lucas
243 501 364 583 decepit
378 521 435 565 nos
452 499 540 582 (Luc.
557 502 585 565 9.
601 522 680 565 vers.
696 500 755 584 28)
779 522 845 569 cum
861 502 1005 584 scripsit,
1018 511 1090 584 post
1112 504 1177 565 dies
1200 503 1322 566 circiter

35 611 59 667 ι,
72 590 104 653 id
119 598 170 653 est
184 599 257 673 post
271 610 362 653 unam
377 591 497 654 circiter
512 591 715 666 hebdomada,
737 611 826 673 quarn
840 591 1032 673 promisisset
1046 591 1204 666 Christus,
1224 586 1320 673 quosss

35 700 42 742 r
57 699 97 743 ex
111 680 308 743 adstantibus
324 699 384 745 non
398 679 517 744 visuros
531 688 661 743 mortem
676 682 849 763 priusquam
868 682 974 743 veniet
993 699 1118 762 regnum
1132 680 1206 755 Dei,
1226 680 1328 744 cleri·¹

35 777 94 832 tum
110 789 180 832 esse
195 771 227 832 in
241 777 344 831 monte
359 768 697 851 Tabor,‘praesentibus
713 770 810 832 tribus
826 769 1003 852 discipulis?
1047 771 1127 833 Nam
1140 770 1253 832 Matth.
1271 764 1321 833 17.

37 905 44 920 .
70 859 139 921 dies
161 859 371 921 tantummodo
386 877 441 921 sex
464 879 524 922 non
541 859 662 939 adjecta
683 859 834 941 particula
855 855 939 934 dces,
963 859 1098 945 circiter,
1119 858 1320 922 inveniuntur.

35 948 90 1010 vdsi
105 948 179 1010 licet
193 948 524 1027 EvangelistaeLucae
541 949 628 1012 salva
643 948 709 1030 ejus
725 949 949 1012 existimatione
965 967 1024 1010 uno
1039 949 1107 1011 loco
1123 947 1218 1010 tertie
1230 955 1320 1029 parte
1353 943 1354 949 ’

35 1056 82 1099 ιιι
98 1037 270 1119 praecisum
286 1052 461 1113 nnmerum,
478 1035 624 1101 beneficio
639 1037 808 1120 particulae
824 1038 961 1112 circiter,
983 1044 1016 1099 et
1035 1037 1157 1100 circiter
1177 1036 1199 1099 8
1220 1056 1275 1119 pro
1298 1036 1318 1100 6

35 1145 100 1188 ere:
126 1127 199 1208 quin
211 1145 273 1190 non
287 1135 321 1189 et
336 1127 423 1189 salva
438 1127 663 1190 existimatione
678 1127 787 1190 liceret
800 1127 845 1189 illi
860 1127 919 1190 alio
942 1128 1009 1190 loco
1030 1125 1188 1189 undecima
1211 1127 1321 1189 saltem

35 1215 123 1278 icula
138 1217 237 1278 minus
246 1235 368 1296 ponere,
383 1217 611 1297 quamhaberet
623 1217 780 1297 praecisus
789 1234 939 1292 numerus,
954 1216 1108 1278 mediante
1123 1216 1229 1278 sudem
1245 1234 1320 1297 par·
1352 1258 1353 1262 =

35 1305 63 1367 la
79 1299 163 1380 eas,
179 1312 213 1368 et
227 1305 349 1367 circiter
363 1305 406 1368 30
421 1325 477 1388 pro
493 1306 535 1369 33
551 1306 687 1387 ponere?
719 1303 848 1377 Quaeris
863 1314 912 1380 tu,
932 1324 1002 1367 nurn
1016 1313 1120 1387 putem
1136 1304 1250 1368 Lucem
1264 1323 1320 1367 nos
1345 1309 1352 1321 '

35 1393 104 1457 isse
121 1394 261 1476 decipere
277 1394 460 1458 scribentem
475 1394 527 1469 30,
542 1414 609 1457 cum
626 1403 730 1457 essent
744 1395 819 1458 33?·
854 1392 993 1466 Quaerat
1006 1393 1140 1456 vicissim
1160 1394 1198 1456 ex
1213 1401 1246 1457 te
1260 1394 1319 1457 Ju-
1343 1416 1347 1423 ¹

35 1503 64 1545 ιι
79 1490 248 1558 veterator,
262 1503 333 1545 num
348 1483 557 1566 deceptionem
573 1484 739 1559 arbitreris,
754 1484 835 1566 quod
847 1483 1066 1565 Evangelistae
1083 1481 1239 1547 Christum
1253 1483 1319 1546 He-

35 1592 42 1633 ι
59 1572 228 1654 superstite
243 1580 349 1634 natum
364 1579 516 1648 asserant,
540 1573 609 1635 c'um
629 1573 757 1654 triginta
776 1574 808 1636 hi
824 1573 894 1636 anni
905 1570 1058 1654 incipiant
1071 1571 1193 1635 Herode
1209 1572 1321 1635 dudum

35 1662 112 1724 tuo?
134 1661 214 1744 quod
236 1668 387 1724 testatum
409 1661 546 1726 omnibus
562 1662 755 1745 antiquitatis
771 1662 943 1744 gentilissset
956 1661 1105 1726 Judaicae
1118 1662 1321 1724 monumentis

35 1767 107 1813 mus
152 1751 288 1813 Videsne
305 1750 518 1826 calumniator,
539 1752 584 1814 uti
601 1759 708 1816 nonte
723 1751 934 1833 Evangelista,
950 1751 1005 1814 ssd
1019 1758 1086 1814 tute
1102 1750 1247 1831 teipsum
1263 1751 1320 1814 de-·
1431 1770 1433 1776 ·

35 1840 98 1914 eris,
113 1839 165 1921 qui
181 1841 284 1903 oculos
299 1841 330 1903 in
347 1841 428 1904 claro
445 1840 518 1904 Sole
535 1841 666 1916 claudis,
680 1842 861 1921 particulam
876 1836 960 1916 dces,
975 1840 1112 1914 circiter,
1127 1839 1320 1904 dissimulas?

35 1949 48 1990 s
63 1935 98 1992 te
109 1929 219 2009 jussit,
240 1929 299 1992 hoc
321 1929 448 2010 triginta
469 1931 607 2011 praecise
624 1930 799 2012 scrupulose
815 1931 995 1994 numerare?
1024 1930 1096 1994 Non
1109 1928 1320 2010 Evangelista,

36 2018 116 2080 satis
133 2018 191 2082 sibi
206 2018 298 2092 cavit,
314 2019 430 2082 addens
447 2019 577 2083 circiter.
620 2018 684 2082 Eos
699 2038 786 2095 vero,
801 2020 908 2103 quibus
923 2021 1013 2082 laxus
1028 2020 1087 2081 iste
1102 2037 1243 2081 numerus
1258 2039 1320 2081 non
1432 2050 1437 2067 ι

35 2107 143 2182 siacit,
167 2107 217 2190 qui
237 2108 405 2189 praecisius
419 2127 484 2173 rem
498 2108 658 2189 indagare,
674 2108 816 2175 minutias
828 2110 955 2190 exigere
971 2109 1111 2192 cupiunt,
1135 2108 1266 2171 remittit
1281 2107 1321 2181 ad

35 2216 111 2279 pora
125 2196 212 2278 regni
226 2197 374 2273 Herodis,
396 2195 631 2279 descriptionem
645 2198 736 2274 orbis,
755 2200 867 2265 famam
889 2199 926 2261 de
948 2206 1022 2262 nato
1042 2217 1114 2280 rege
1135 2197 1319 2260 Judaeomm

35 2305 100 2369 eque
117 2294 217 2349 ortam
233 2287 357 2349 caedem
372 2286 538 2363 infantum3
554 2304 630 2370 quas
645 2307 710 2363 res,
725 2289 775 2370 qui
790 2296 863 2351 tunc
877 2287 1027 2363 vixerunt,
1043 2288 1074 2350 in
1089 2287 1205 2350 recenti
1220 2287 1318 2350 habe-

35 2384 47 2437 t
62 2375 222 2450 memoria,
239 2395 314 2459 quas
331 2376 423 2439 etiarn
439 2384 471 2438 et
485 2376 575 2439 hodie
591 2376 672 2440 bona
687 2397 726 2440 ex
740 2385 829 2459 parte
844 2378 1028 2461 iuveterum
1042 2375 1237 2440 historiarum
1251 2394 1319 2438 ruo-

35 2464 122 2528 rentis
137 2465 284 2528 habemus
299 2466 505 2547 consignatas.
635 2520 640 2526 .

57 2555 110 2618 An
130 2574 190 2617 non
212 2555 289 2617 haec
311 2563 512 2636 praepostera
534 2562 583 2618 est
603 2555 699 2630 ratio,
720 2555 799 2637 velle
815 2549 995 2618 'nativitatis
1018 2572 1128 2616 anuum
1149 2553 1320 2634 praecisum

35 2662 82 2706 cre
98 2662 138 2706 ex
153 2651 254 2719 textu,
276 2645 326 2727 qui
342 2644 379 2707 de
394 2644 558 2707 nativitate
573 2663 612 2706 ex
626 2645 765 2726 professo
781 2663 840 2705 non
857 2644 937 2724 agit,
957 2643 1081 2724 ejusque
1095 2651 1200 2707 textus
1216 2662 1320 2707 omnes

35 2753 76 2795 es
97 2733 251 2795 mordicus
274 2734 424 2816 arripere,
449 2733 617 2814 particulas
645 2732 872 2814 scmpulositati
894 2733 1052 2813 oppositas
1074 2732 1242 2814 praeterire
1267 2738 1345 2794 aut·

35 2822 203 2904 rpretando
218 2823 414 2904 pervertere?
430 2843 447 2885 e
463 2831 572 2886 contra
586 2842 667 2897 vero,
682 2822 733 2884 ubr
741 2821 843 2884 Lucas
859 2821 1053 2884 nativitatem
1069 2840 1123 2904 per
1138 2841 1243 2884 omnes
1259 2821 1319 2885 cir·

35 2913 176 2974 ιιιιιίιι
192 2911 338 2974 describit
352 2929 466 2994 nosque
482 2912 657 2974 annotando
673 2929 745 2992 rege
760 2911 883 2973 Herode
898 2912 939 2973 ad
953 2910 1098 2973 historias
1113 2911 1258 2987 remittit,
1277 2910 1320 2974 ibi

35 3002 185 3064 oriturum
200 3000 359 3082 repudiare
375 3001 552 3064 testimonia
571 3008 604 3063 et
624 3018 684 3063 uno
707 3000 800 3063 verbo
816 3017 934 3062 omnem
949 3019 1048 3062 rerum
1063 3007 1220 3080 gestarum
1234 3000 1318 3062 ordi

35 3114 38 3151 ι
53 3090 195 3171 negando
212 3091 404 3166 confundere,
419 3109 479 3172 qua
494 3090 612 3152 ratione
627 3089 751 3152 tandem
767 3089 822 3151 et
813 3089 1137 3170 1psiusEvangelistae
1153 3096 1323 3152 consensus

35 3231 37 3242 ,
55 3179 212 3243 historicis
235 3181 267 3243 in
289 3178 400 3242 ceteris
421 3181 453 3242 iu
476 3179 676 3261 suspicionem
699 3178 930 3250 adducereturi,
963 3178 1058 3242 Aliud
1080 3179 1194 3259 agebat
1208 3178 1319 3253 Lucas,

35 3269 90 3332 ndo
98 3268 215 3334 Christi
229 3269 412 3350 baptismum
427 3267 602 3332 describens
618 3269 732 3331 aetatis
747 3268 812 3348 ejus
827 3267 978 3331 meminit:
1002 3286 1165 3349 personam
1179 3268 1318 3330 nimirum

35 3358 232 3422 rdescribere
249 3358 366 3423 animus
381 3365 464 3433 erat,
487 3359 572 3439 cujus
595 3357 709 3420 aetatis
731 3357 853 3421 circiter
874 3365 907 3420 et
926 3374 984 3439 quo
1000 3357 1086 3419 vultu
1102 3364 1193 3421 esset.
1238 3358 1319 3420 Nam
1377 3412 1382 3418 .
1436 3364 1443 3383 “

35 3447 141 3510 rsrnodi
156 3447 268 3510 aetatis
282 3447 397 3510 mentio
415 3446 454 3509 ad
469 3447 705 3528 descriptionem
725 3446 814 3510 faciei
837 3452 870 3508 et
885 3453 1023 3509 staturae
1038 3446 1213 3521 refertur,
1205 3467 1237 3509 ιι
1259 3465 1327 3572 ιιι

44 3537 137 3599 facile
152 3536 341 3610 discernitur,
356 3536 485 3624 triginta
500 3536 567 3618 quis
583 3555 679 3598 annos
694 3536 810 3598 habeat
826 3541 865 3597 an
880 3535 932 3598 33

57 3623 146 3696 Quae
161 3625 211 3688 hic
226 3625 401 3690 Calvisius
391 3645 424 3688 ιι
439 3643 554 3706 nupera
570 3645 625 3688 sua
640 3624 773 3706 epistola
786 3624 858 3686 mihi
875 3623 1003 3704 objecit,
1025 3643 1076 3687 ea
1084 3623 1220 3689 invenies
1242 3643 1318 3705 pro·
1358 3691 1360 3702 ,

42 3715 207 3777 discussa
198 3735 230 3777 ιι
245 3715 404 3796 Epistulae
419 3733 505 3777 meae
521 3713 715 3796 responsoria
730 3714 996 3795 confirmatamque
1020 3713 1172 3794 amplius
1162 3720 1317 3794 iuterpre

35 3823 119 3867 >nem
138 3803 257 3867 Lucae:
288 3804 339 3867 ubi
361 3803 448 3866 simul
471 3803 710 3867 demonstratum
733 3811 794 3881 est,
824 3822 916 3866 voces
940 3798 1105 3906 degeremus
1129 3799 1169 3864 uir
1198 3822 1316 3906 nequa-

35 3912 58 3954 ιι
80 3892 189 3956 referri
208 3912 299 3997 posse
324 3893 364 3954 ad
387 3889 531 3955 minutias
552 3893 753 3974 temporarias
773 3893 862 3956 unius
882 3891 968 3967 anni,
993 3892 1058 3954 sive
1082 3891 1228 3955 tricesimi
1252 3891 1317 3954 sive
1348 3906 1353 3911 ·
1389 3964 1392 3969 J

35 3983 116 4046 ssimi
130 3982 233 4064 primi,
253 3982 307 4044 sed
324 3983 468 4048 alteram
487 3980 587 4043 uidem
604 3977 782 4063 (iucipiens)
798 3981 971 4045 necessario
987 3980 1177 4049 referendam
1192 3999 1261 4043 esse
1278 3981 1318 4042 ad

35 4073 169 4134 ἰιιιίιιιι
184 4070 309 4145 Christi,
323 4060 507 4133 alteram’
484 4093 533 4144 ov,
550 4068 701 4152 existens)
718 4072 759 4133 ad
772 4070 981 4153 genealogiam
998 4069 1122 4134 Christi.
1168 4069 1219 4132 Ad
1233 4070 1317 4132 illam

35 4179 61 4223 rr
74 4179 175 4223 meam
189 4159 361 4241 Epistolarn
375 4160 520 4222 lectorem
534 4158 673 4234 remitto,
697 4160 752 4222 sed
766 4179 826 4223 non
843 4161 907 4223 sine
924 4158 1113 4242 apophoreto
1129 4177 1167 4221 ex
1182 4159 1318 4222 bellariis

35 4249 163 4312 risianis.
214 4249 294 4312 Nam
320 4248 488 4345 praeterire
514 4268 576 4311 non
597 4267 736 4330 possum,
758 4249 828 4332 quin
853 4250 998 4312 lectorem
1019 4247 1177 4329 impertiar
1198 4247 1319 4328 gaudio,

35 4339 48 4400 l
71 4358 111 4400 ex
133 4344 241 4418 arguto
258 4336 385 4402 Calvisii
408 4336 576 4399 coinmento
593 4333 688 4400 f.01f.l
704 4338 863 4423 Epistulae
880 4358 952 4401 suae
968 4337 1106 4419 percepi,
1129 4338 1250 4419 quando
1266 4336 1316 4399 ille

35 4447 92 4490 ram
107 4426 208 4490 dicere
225 4434 363 4501 coactus,
374 4445 436 4501 cur,
451 4426 477 4489 si
491 4426 630 4507 praecise
645 4427 688 4489 30
704 4447 775 4489 anm
767 4427 903 4490 suerint
917 4435 951 4489 et
966 4448 992 4491 ιι
983 4425 1171 4489 ‘’voculae
1149 4448 1318 4508 αρχομινος

40 4516 218 4579 aderitum
246 4515 392 4583 tricesimi
421 4515 481 4577 et
472 4533 641 4595 ingressum
657 4515 805 4579 tricesimi
830 4516 916 4597 primi
939 4516 1131 4597 pertineant,
1161 4535 1214 4579 cur
1245 4533 1318 4595 ergo

35 4627 70 4668 es
84 4606 210 4687 insuper
224 4598 409 4686 adjungat
387 4626 456 4666 ωσιι
471 4604 608 4667 circiter·
624 4623 694 4666 nam
708 4600 905 4668 videbatur‘
883 4627 951 4667 ocos
965 4604 1135 4667 redundare
1151 4612 1206 4668 aut
1220 4622 1317 4686 oppo-

35 4712 61 4757 ιιι
72 4697 105 4759 in
119 4695 241 4775 adjecto
258 4694 367 4769 dicere,
383 4693 409 4756 si
424 4712 484 4757 vox
500 4690 663 4775 ἆρχομιιος
649 4694 718 4755 ad
733 4701 852 4774 tempus
868 4693 1068 4756 deliniendum
1084 4714 1103 4754 a
1116 4694 1208 4757 Luca
1214 4694 1318 4776 posita

35 4790 82 4850 ιι
112 4785 172 4850 Hic
197 4783 291 4863 igitur
311 4774 444 4846 consilio
464 4790 602 4863 promtus
627 4779 781 4846 Calvisius
807 4802 845 4845 ex
865 4783 1022 4865 inopinato
1045 4783 1139 4846 veluti
1162 4779 1274 4856 bsce’
1254 4805 1318 4846 uss
