3112 5474
250 267 315 335 306
753 284 1089 346 01110οι1010ὼο

248 431 346 511 pisse,
378 429 460 493 aliud
488 434 663 492 exsecutum
685 447 753 490 0000
783 448 1008 505 amanuensem,
1038 429 1219 510 permutatis
1247 428 1383 492 decretis
1405 429 1515 511 homony

247 521 471 601 Hyrcanorum
496 518 535 581 ad
549 518 676 599 primum
691 517 770 580 anim
784 518 874 598 hujus
888 519 1017 581 nominis
1032 518 1222 581 sacerdotem
1238 519 1387 598 pertinet,
1409 518 1513 602 quodi

251 609 329 690 phus
343 610 393 673 hio
408 608 503 676 refert
518 607 556 669 ad
572 607 780 688 posteriorem
816 608 982 673 Decretum
996 626 1078 682 vero,
1093 607 1173 689 quod
1186 605 1341 689 Josephus
1357 608 1408 669 h'ic
1428 607 1515 688 proiit

247 698 339 778 paulo
354 699 433 759 infra
448 696 583 777 sequitur
603 695 634 758 in
650 695 794 759 fasciculo
810 696 1000 761 decretorum
1013 696 1219 760 Romanorum
1242 697 1280 760 de
1295 697 1440 759 Judaeis:
1464 695 1515 761 Gar

250 787 290 849 V.
306 785 377 850 Cos.
420 833 423 837 -
881 818 884 826 ·
1419 815 1421 821 ·

335 876 402 938 Hoc
417 875 508 937 etiam
526 892 604 936 anuo
621 880 769 937 anteaer.
785 894 813 937 n.
828 870 880 937 4⁷.
904 875 1056 956 Josephns
1072 881 1187 949 narrat,
1203 873 1359 938 Herodem
1375 876 1515 954 apatrel

248 972 337 1045 patro
352 965 538 1045 praefectum
553 963 646 1025 fnisse
664 961 819 1038 Galileae,
841 976 908 1026 cum
924 973 1008 1028 esset
1022 964 1112 1045 plane
1123 963 1259 1044 juvenis,
1282 982 1339 1025 nec
1356 964 1428 1044 plns
1446 962 1515 1025 151

247 1053 384 1127 haberet,
405 1059 555 1114 ettamen
570 1051 665 1126 addit,
681 1051 745 1132 ejus
761 1053 874 1115 virtute
890 1061 923 1115 et
938 1054 1072 1116 consiliis
1087 1053 1237 1115 redditam
1253 1053 1457 1115 securitatem
1476 1072 1515 1133 pn

249 1141 323 1216 cisa,
340 1148 430 1222 capto
445 1141 579 1205 Ezechia
592 1140 729 1215 latrone,
751 1160 808 1223 qno
824 1142 907 1205 facto
923 1140 1020 1205 Sexto
1037 1140 1164 1205 Caesari
1180 1141 1301 1222 Syriam
1324 1141 1449 1204 tenenti
1471 1161 1515 1204 cnr

174 1280 177 1287 .
249 1231 413 1304 nocuisset,
428 1230 520 1311 paulo
541 1237 621 1311 post
635 1231 673 1292 ab
696 1249 735 1294 eo
755 1229 978 1313 Coele-Syriae
998 1231 1107 1296 ducem
1123 1230 1257 1294 creatum
1273 1249 1353 1293 esse.
1373 1227 1473 1301 Quis
1488 1250 1515 1292 cr

247 1320 454 1400 Antipatrum,
470 1319 519 1400 qui
535 1319 573 1381 ob
589 1319 750 1399 segnitiem
764 1320 901 1401 Hyrcani
916 1320 1007 1383 1111001
1022 1321 1206 1383 Phasaelum
1219 1319 1373 1401 praefecit
1391 1320 1513 1382 Jerosol

246 1407 500 1489 periculosissimo
523 1426 622 1470 rerum
644 1415 729 1470 statu
750 1410 974 1490 praefectorum
996 1409 1089 1471 fuisse
1106 1408 1280 1483 Galilaeae,
1303 1409 1452 1489 gentibus
1473 1409 1515 1471 cin

246 1498 354 1560 vicinis
370 1497 538 1580 expositae,
553 1492 683 1562 Sextum
697 1516 769 1560 vero
786 1496 951 1561 Caesarem
966 1498 1026 1561 toti
1041 1497 1262 1580 Coele-Syriae
1286 1516 1417 1578 puerum
1432 1498 1515 1561 inibe]

247 1586 321 1649 Jure
341 1587 444 1668 itaque
467 1581 544 1666 legit
557 1585 697 1667 vSuslyga
717 1606 773 1667 pro
789 1609 813 1648 aa
833 1597 879 1662 aa,
897 1586 949 1650 25.
997 1588 1078 1652 Nam
1098 1587 1124 1649 si
1145 1604 1245 1650 mores
1263 1586 1424 1650 Romanos
1447 1606 1514 1668 resp

250 1677 326 1737 haec
342 1694 458 1767 quoqne
474 1694 557 1738 mera
573 1683 622 1737 est
632 1676 778 1755 juventus
801 1675 842 1739 ad
857 1677 1026 1759 dignitates
1048 1677 1197 1759 gerendas
1211 1677 1449 1758 provinciasque
1471 1677 1515 1738 adr

248 1764 400 1839 strandas,
417 1763 488 1845 quin
503 1771 536 1826 et
550 1765 696 1840 miraculo
711 1767 753 1827 sit
768 1784 843 1846 puer
860 1765 900 1828 15
917 1786 1013 1829 annos
1029 1774 1130 1840 natus,
1151 1766 1250 1829 animo
1266 1766 1408 1845 01111000
1425 1765 1501 1828 adeo

247 1872 332 1928 nnus,
349 1853 425 1916 adeo
441 1853 568 1916 militiae
584 1872 706 1934 gnarus,
727 1855 853 1917 consilio
869 1855 997 1935 pollens,
1012 1855 1089 1918 adeo
1105 1855 1218 1918 ferocia
1231 1863 1399 1935 provectus
1416 1862 1450 1917 et
1465 1853 1515 1916 and

247 1950 282 2004 01
297 1937 432 2014 dicturus
449 1961 573 2005 cansam
588 1943 740 2006 homicidii
757 1944 823 2006 sola
837 1944 1014 2024 praesentia
1024 1943 1144 2024 judices
1160 1944 1310 2007 attonitos
1325 1943 1480 2007 redderet
1507 1977 1515 2006 1

237 2031 329 2112 'quod
344 2050 424 2094 auno
448 2031 558 2094 abhinc
582 2031 839 2108 octavodecimo,
860 2030 1003 2114 ut'supra
1018 2032 1146 2115 dictum,
1162 2032 1228 2114 jam
1243 2034 1308 2095 nati
1326 2041 1419 2096 erant
1434 2032 1515 2113 Antip

156 2192 158 2195 .
246 2120 350 2194 liberi,
373 2120 478 2201 procul
501 2120 589 2183 dnbio
606 2121 763 2196 0010005,
785 2129 868 2184 certe
883 2123 986 2202 plures
1001 2141 1060 2184 uno
1084 2129 1116 2183 et
1132 2122 1175 2184 sic
1190 2122 1284 2185 etiam
1298 2123 1444 2185 Herodes
1459 2130 1515 2185 nat

251 2209 373 2272 condus.
404 2208 542 2291 Denique
557 2209 696 2272 Herodes
713 2210 780 2291 jam
802 2211 851 2273 hic
865 2211 1012 2274 Doridem
1033 2211 1208 2275 Idumaeam
1230 2211 1261 2274 in
1275 2212 1474 2274 matrimonio
1493 2211 1515 2272 h

217 2326 222 2335 ·
249 2306 282 2360 et
296 2298 389 2360 filiurn
405 2317 443 2360 ex
458 2317 496 2360 ea
509 2299 708 2380 Antipatrum
724 2303 912 2380 susceperat,
927 2307 962 2363 ut
980 2300 1072 2381 paulo
1087 2308 1158 2379 post
1172 2299 1301 2382 patebit
1338 2299 1489 2369 Omnibus
1507 2300 1515 2362 i

250 2387 348 2450 modis
364 2387 462 2467 major
476 2395 545 2450 erat
560 2388 648 2451 annis
666 2389 715 2451 lt.
745 2388 897 2457 Calvisius
912 2389 961 2451 hic
977 2389 1117 2452 concedit
1127 2389 1243 2469 justam
1259 2396 1292 2452 et
1306 2390 1512 2452 necessariam

247 2476 559 2551 rectionem-iuterim
575 2477 634 2539 duo
650 2478 835 2559 aliapecoat
851 2497 904 2541 suo
921 2478 1085 2541 commodo.
1115 2476 1247 2560 Sc'ripsit
1261 2478 1428 2560 Josephus,
1449 2480 1515 2542 Heu

247 2566 289 2628 25
306 2565 494 2628 solummodo
518 2586 615 2629 anuos
630 2565 789 2641 habuisse,
812 2566 964 2631 Calvisius
986 2567 1062 2647 legit
1076 2567 1188 2629 10114.
1203 2568 1379 2647 Epistulae,
1400 2568 1515 2630 nondun

247 2674 343 2716 annos
360 2663 464 2717 uatum
480 2655 581 2717 fuisse.
611 2654 730 2718 Deinde
742 2655 893 2719 Calvisius
909 2657 1003 2718 refert
1017 2657 1080 2718 ista
1095 2655 1136 2718 ad
1151 2672 1260 2719 aunum
1277 2663 1467 2738 sequentem,
1481 2677 1515 2738 qu

248 2743 365 2808 Caesar
386 2744 497 2806 bellum
520 2744 618 2825 gessit
638 2744 669 2807 in
690 2745 806 2808 Africa.
846 2745 897 2808 Aa
917 2744 1071 2826 Josephns
1096 2763 1240 2827 expresse
1256 2745 1379 2821 scribit,
1400 2747 1515 2826 Antipa

248 2827 377 2900 deducto
394 2832 528 2895 Caesare
551 2833 582 2895 iu
598 2831 719 2913 Syriam
741 2834 797 2896 hoc
819 2829 885 2914 ipso
909 2853 990 2897 anno
1010 2830 1063 2900 47.
1085 2842 1158 2897 ante
1180 2833 1282 2897 omnia
1301 2834 1405 2915 egisse
1429 2836 1497 2908 illa,

248 2921 401 2986 Calvisius
424 2929 653 2997 commemorat,
675 2937 753 3004 quae
773 2923 854 2986 inter
875 2930 944 2986 erat
968 2929 1001 2984 et
1016 2923 1293 3003 evectio-Herodis
1328 2922 1477 3005 Sequitur
1495 2925 1515 2986 ir

247 3012 342 3092 sepho
357 3010 468 3073 bellum
483 3009 627 3074 Caesaris
640 3011 819 3076 Africanum
834 3018 941 3075 contra
957 3010 1129 3092 Scipionem
1144 3019 1178 3074 et
1187 3011 1337 3079 (10100010
1342 3031 1352 3087 ;
1378 3013 1461 3094 quod
1474 3019 1515 3076 ter

179 3152 182 3156 Δ
245 3107 296 3162 101
310 3099 441 3162 Romani
457 3108 575 3180 gestum
592 3099 727 3164 Caesare
747 3108 779 3163 et
792 3100 910 3181 Lepido
927 3099 1014 3164 Ooss.
1037 3120 1117 3164 anno
1141 3108 1212 3164 ante
1229 3119 1290 3163 aer.
1306 3121 1335 3164 u.
1351 3102 1413 3176 46,
1435 3103 1515 3184 qnia

194 3219 198 3232 ·
246 3188 429 3251 confusionis
446 3189 545 3251 dictus
562 3198 623 3264 001,
646 3190 684 3252 ob
708 3190 822 3256 factam
836 3190 857 3252 3
872 3189 1018 3253 mensium
1032 3189 1304 3254 intercalationem
1340 3191 1470 3254 ‘lhansit
1489 3191 1515 3252 dr

247 3277 287 3339 ad
303 3277 427 3339 caedem
443 3275 602 3353 Caesaris,
624 3279 730 3340 Marco
749 3277 857 3359 Syriae
879 3278 1036 3358 praeside:
1066 3298 1154 3360 quam
1177 3280 1481 3360 scimuscontigisse
1495 3281 1515 3343 11

235 3365 367 3428 Martiis
382 3365 441 3428 Jul.
453 3369 482 3428 2
510 3367 554 3429 Et
569 3366 709 3432 Cassium
733 3368 777 3430 ait
791 3368 823 3430 in
839 3366 959 3449 Syriam
974 3367 1094 3432 venisse
1117 3368 1157 3430 ad
1179 3368 1375 3448 occupandos
1393 3368 1515 3432 Caesari

247 3456 400 3519 exercitus
417 3450 498 3520 circa
518 3456 704 3536 Apameam,
726 3456 776 3536 qni
799 3475 834 3518 eo
851 3456 1061 3519 confluxerant
1082 3455 1123 3519 ad
1143 3455 1349 3520 ulciscendam
1365 3459 1491 3522 eaedem
1510 3458 1515 3517 1

241 3541 392 3606 *Caesaris
409 3566 428 3607 a
445 3543 578 3607 caecilio
593 3547 693 3607 Basso
704 3544 889 3625 Pompejano
906 3550 1116 3626 perpetratae:
1139 3553 1173 3608 01
1187 3546 1332 3626 pecunias
1350 3568 1370 3609 a
1383 3547 1511 3611 Judaeis

246 3633 355 3695 delitet
377 3634 526 3714 exegisse.
564 3633 646 3697 Sane
670 3640 702 3696 et
716 3634 798 3696 Dion
817 3634 924 3708 refert,
945 3633 1086 3697 Cassium
1107 3642 1143 3697 01
1164 3635 1242 3697 vidit
1263 3633 1435 3699 Caesarem
1452 3636 1515 3717 juni

195 3756 197 3762 ι
247 3740 400 3797 01000010,
422 3723 551 3803 primurn
564 3722 679 3798 Roma,
701 3730 772 3804 post
788 3722 884 3785 Italia
895 3740 962 3785 cum
976 3724 1073 3787 Bruto
1090 3723 1268 3797 excessisse,
1287 3729 1324 3786 et
1344 3725 1449 3788 invisa
1468 3724 1515 3789 Gn

246 3811 402 3892 Brutoque
424 3812 531 3875 relicto
554 3812 704 3876 transisse
719 3811 751 3874 10
772 3810 894 3893 Syriam
916 3811 1046 3875 amicam
1065 3813 1267 3892 provinciam,
1296 3815 1379 3893 quod
1402 3833 1472 3877 eam
1492 3833 1515 3876 01

244 3900 378 3962 Parthos
395 3901 590 3975 defendisset,
610 3901 710 3982 ibique
726 3901 861 3982 coegisse
877 3901 1021 3981 pecunias
1038 3907 1071 3963 et
1086 3902 1267 3974 exercitumt
1289 3899 1450 3967 etStrabo
1465 3922 1515 3966 mer

247 3988 526 4070 obsidionis,quam
539 3989 692 4054 Caecilius
701 3991 818 4053 Bassus
828 3989 985 4070 Apameae
1000 3991 1134 4070 pertulit.
1164 3990 1235 4054 Jarn
1249 3996 1322 4054 tunc
1337 3991 1435 4073 igitur
1447 3993 1515 4056 Joss

246 4084 351 4141 narrat
366 4078 548 4159 desponsam
562 4079 677 4142 Herodi
693 4079 785 4141 101000
801 4076 1010 4154 Mariamuem,
1031 4080 1167 4160 quamvis
1182 4079 1301 4161 pridem
1316 4079 1460 4143 duxisset
1473 4082 1515 4144 Do

247 4186 285 4230 ex
295 4185 360 4248 ,qua
376 4175 467 4229 uatus
482 4168 658 4249 Antipater.

331 4256 381 4318 Ex
397 4276 432 4318 eo
450 4257 544 4319 series
560 4256 706 4319 historiae
722 4256 880 4320 Romanae
897 4258 1023 4320 confusa
1038 4263 1087 4320 est
1103 4254 1183 4337 apud
1198 4252 1429 4337 Cuspinianum,
1451 4257 1503 4320 sed

245 4345 404 4426 diligentia
420 4346 508 4408 facile
525 4345 643 4426 disponi
658 4351 764 4426 potest
779 4365 818 4408 cx
832 4346 964 4410 lectione
979 4340 1112 4428 ipsorum
1122 4351 1294 4422 auctorum
1310 4354 1347 4409 ut
1362 4364 1515 4432 quaconse

245 4435 499 4516 exquisitissimos
514 4435 536 4497 J
537 4434 642 4515 osephi
657 4436 687 4498 in
704 4435 800 4515 gestis
815 4435 943 4515 Antonii
957 4434 1089 4517 perspici
1104 4441 1217 4516 potest.

333 4525 450 4587 Narrat
475 4524 554 4586 enim
577 4542 668 4605 porro
689 4523 858 4605 Josephus,
885 4526 982 4588 Bruto
1005 4531 1038 4587 et
1064 4523 1173 4588 Cassio
1202 4524 1284 4588 circa
1310 4526 1468 4608 Philippos
1492 4523 1515 4586 ir

245 4611 334 4677 fectis
360 4608 456 4694 (quod
483 4613 541 4676 fuit
560 4612 683 4676 Juliano
704 4607 751 4692 4.)
771 4613 905 4677 victores
927 4612 1093 4678 Gaesarem
1115 4612 1235 4695 quidem
1262 4613 1325 4676 isse
1353 4615 1385 4678 in
1413 4613 1515 4678 Italian

245 4700 276 4762 10
297 4700 434 4776 Gallias,
455 4701 624 4765 Antonium
648 4702 680 4765 in
700 4719 772 4767 rere
795 4701 998 4767 circumivisse
1020 4702 1128 4770 Asiam
1150 4709 1183 4765 et
1205 4711 1334 4785 accepta
1355 4704 1403 4768 his
1418 4703 1455 4766 ab
1468 4700 1515 4764 Her

246 4790 354 4869 grandi
377 4791 525 4871 pecuniae
548 4810 679 4866 somma,
704 4791 736 4852 in
757 4789 918 4873 Bithynia,
945 4792 1054 4856 deinde
1075 4791 1165 4874 Tyri,
1186 4792 1315 4874 denique
1336 4793 1368 4857 in
1390 4785 1515 4857 Ciliciai

481 4966 496 5000 0
