3142 5482
221 207 282 272 536
706 204 735 256 ln
753 205 836 271 Opera
853 203 1036 272 chonologica

218 394 379 456 ceterasque
399 385 489 440 urbes
530 384 584 452 (De
603 390 680 441 terra
700 386 749 442 illa
767 402 896 459 egressus
918 393 961 441 est
981 386 1008 441 in
1026 392 1121 449 amur,
1142 386 1180 443 sic
1201 386 1309 459 legitur
1331 406 1368 444 ex
1388 390 1512 462 Thargrn
1565 427 1569 443 ,.

219 467 258 522 sic
278 480 307 521 et
325 465 480 536 Augustino
507 465 652 535 legendum
678 463 804 529 uidetur.)
845 465 1010 542 Sedqetiam
1036 467 1245 535 posterioribus
1262 470 1430 539 temporibus
1453 473 1515 534 bladi

220 563 239 601 a
257 547 350 603 hladai
369 544 519 614 Japlretido
539 544 658 609 oriundi,
683 547 850 615 expulerunt
870 563 907 600 ex
926 546 1045 616 Assyria
1069 554 1179 601 veteres
1199 549 1263 604 illos
1283 551 1444 604 monachas
1462 551 1515 604 cla
1556 608 1557 614 ,

218 621 299 680 mitae
319 630 537 694 occuparuntque
556 631 587 678 et
604 626 748 695 Assyriam
769 635 798 679 et
815 627 994 695 Babylonem,
1015 626 1131 680 testibus
1152 627 1277 682 historiis
1298 639 1329 682 et
1350 630 1418 683 libro
1435 632 1517 692 iudith

219 714 251 760 ut
271 707 312 760 ita
330 707 441 774 gemina
466 704 582 758 servitus
608 710 701 760 terrae
723 705 835 759 Canaan
857 707 906 759 sub
927 706 1048 774 Assyriis
1068 714 1097 760 et
1117 707 1281 777 Babyloniis
1308 711 1398 778 possit
1423 712 1518 764 adscribi
1562 748 1563 761 2

219 786 367 861 Japetidis,
392 783 554 852 praesertim
579 801 638 838 cum
663 782 821 839 Samaritae¹
842 803 879 840 ex
897 785 1004 849 Media,
1030 786 1177 855 Japetidae
1197 788 1295 845 Madai
1321 798 1412 853 sorte,
1435 792 1518 846 sintin
1562 820 1568 858 q

219 868 307 921 locum
327 865 515 919 israelitarum
536 864 687 918 introducti.
1563 861 1568 922 l

307 945 353 998 32.
382 944 445 997 Jans
465 946 544 999 atine
565 944 659 997 diluvii
679 944 750 998 ratio
772 961 903 998 annorum
924 951 967 998 est
987 952 1065 999 certa
1083 962 1170 1017 usque
1189 948 1310 1003 ad145.
1333 965 1433 1002 annum
1442 950 1519 1011 Tune,
1564 923 1568 1008 i

218 1023 265 1097 qul
284 1023 402 1077 11111269
424 1030 486 1091 post
506 1031 597 1077 natum
608 1025 717 1095 Phaleg
737 1031 878 1079 etterram
898 1024 1019 1080 divisam.
1050 1025 1171 1090 Hicnum
1185 1028 1293 1082 debeat
1313 1046 1378 1082 esse
1399 1031 1519 1083 secamus
1563 1004 1569 1096 i

219 1103 337 1159 Genesin
357 1119 442 1155 annus
465 1105 480 1157 7
484 1104 509 1157 5.
529 1103 655 1165 Abrami,
676 1104 809 1158 Nachoris
835 1111 864 1158 et
882 1105 982 1173 Arnai,
1005 1111 1036 1159 at
1055 1107 1202 1167 secuudum
1222 1107 1415 1177 Stephanum,
1432 1116 1484 1164 Act
1500 1111 1519 1171 7,
1564 1095 1569 1177 i

218 1191 325 1239 tantum
344 1181 477 1236 Nachoris
498 1189 527 1235 et
541 1183 635 1245 Arani,
656 1198 795 1255 nonrero
814 1183 938 1246 Abrami,
968 1184 1154 1240 Grammatica
1169 1188 1238 1241 duos
1260 1187 1371 1242 invenit
1391 1191 1519 1258 scrupulos:
1565 1181 1568 1204 ³

220 1259 248 1327 1)
270 1264 400 1334 quomodo
422 1262 513 1329 'share
538 1264 685 1316 secundum
705 1263 824 1318 Genesin
842 1263 967 1334 gignere
992 1265 1114 1333 potuerit
1132 1267 1254 1329 Abram,
1274 1268 1393 1322 Nachor
1412 1277 1439 1322 et
1454 1276 1519 1330 Arna
1567 1294 1569 1301 v

175 1363 177 1367 ·
218 1350 275 1399 tres
296 1359 349 1397 uno
370 1347 458 1396 annot
486 1337 515 1401 ⁴2)
535 1344 670 1411 quomodo
687 1343 778 1396 There
805 1342 959 1412 impleverit
984 1352 1069 1399 annos
1095 1344 1170 1400 ritae
1191 1347 1267 1409 205,
1295 1356 1444 1419 antequam
1464 1349 1519 1402 lla
1564 1344 1568 1408 i

218 1423 278 1493 ejas
297 1422 399 1477 Abram
419 1416 568 1474 excederet
587 1438 686 1476 anuum
707 1422 808 1475 aetatis
825 1424 882 1478 751
901 1423 940 1476 Et
960 1424 1093 1492 posterior
1113 1424 1157 1477 hic
1173 1425 1251 1480 dedit
1271 1428 1444 1482 occasionem
1460 1427 1518 1481 dubi
1564 1415 1569 1478 i

176 1537 181 1551 .
217 1502 294 1558 tandi
319 1503 353 1555 de
373 1500 463 1569 priori.
504 1500 564 1555 Nisi
593 1500 663 1555 enim
691 1493 846 1556 exstitisset
874 1501 1009 1556 dubitatio
1038 1504 1186 1573 posterior,
1217 1523 1300 1559 nemo
1329 1507 1475 1562 dubitasset
1494 1509 1519 1560 de
1563 1483 1569 1578 i

217 1583 316 1654 priore,
337 1583 414 1634 nemo
434 1587 574 1651 negasset,
595 1580 659 1651 quin
680 1582 775 1635 eodem
794 1598 865 1636 armo
886 1582 941 1636 sint
966 1582 1032 1636 editi
1052 1591 1145 1638 onmes
1164 1591 1238 1638 tres:
1267 1594 1298 1640 et
1318 1594 1391 1640 natu
1410 1587 1518 1641 minu
1564 1577 1568 1621 l

216 1664 328 1721 Abram,
348 1659 419 1713 sicut
437 1668 467 1713 et
485 1659 571 1729 primo
597 1661 767 1725 nominatur,
794 1647 888 1733 itaque
907 1664 954 1716 rel
972 1661 1118 1737 trigemino
1142 1671 1228 1733 partu
1258 1668 1440 1721 crederentur
1462 1667 1519 1727 slis',
1563 1625 1568 1733 Ι

217 1744 263 1797 vel
282 1760 299 1795 e
319 1739 433 1794 dirersis
453 1735 594 1799 matribus.
1095 1778 1097 1783 ι
1117 1768 1118 1773 ’
1563 1736 1567 1789 ἶ

227 1824 229 1826 ·
306 1820 351 1875 ss.
381 1820 493 1873 cerium
514 1820 651 1893 eumeni,
672 1821 762 1875 mne
782 1820 1004 1890 saepiarum
1024 1837 1141 1879 aarum
1160 1822 1310 1893 nuttam
1332 1826 1451 1897 sunem
1466 1825 1518 1880 aa

216 1902 363 1960 Abramum
384 1907 414 1953 et
432 1899 513 1954 Sorai
532 1917 570 1953 ex
591 1897 704 1953 dirersis
724 1900 896 1973 conjugibus,
917 1906 946 1955 et
965 1901 1037 1956 hanc
1056 1901 1187 1961 decennio
1207 1905 1388 1973 postillam.

305 2007 352 2062 34.
381 2006 498 2060 Videtur
512 2012 542 2059 et
556 2005 624 2063 illud
638 2022 744 2077 eligere
763 2006 1033 2071 verisimilitudinem,
1053 2009 1126 2078 qued
1139 2010 1256 2072 Abram,
1277 2027 1344 2066 curn
1360 2011 1519 2080 patrelbare

216 2087 359 2142 discedens
379 2103 416 2140 ex
426 2085 464 2139 Ur
473 2083 680 2149 Chaldaeorum,
700 2102 753 2141 non
769 2080 897 2140 adsciscit
910 2087 1064 2141 Nachorem
1079 2088 1204 2143 comitem
1223 2080 1347 2154 itineris,
1368 2093 1417 2146 sed
1430 2092 1519 2146 utet·
1563 2085 1568 2180 J

216 2164 405 2222 tetrantes
424 2165 506 2231 tilium
521 2165 605 2228 Loth,
626 2165 704 2238 quasi
723 2182 843 2236 propiori
863 2167 915 2220 srbr
930 2169 1038 2226 ‚simulo
1058 2168 1200 2239 sanguinis
1214 2168 1362 2238 junctum,
1383 2188 1458 2243 quan
1473 2176 1519 2225 erat
1564 2185 1567 2232 t

215 2247 335 2302 Nachor.
1079 2285 1080 2288 =
1141 2299 1145 2306 ,
1564 2250 1568 2291 ἰ

213 2388 214 2391 ¹
305 2325 351 2380 35.
381 2326 478 2401 ltaque
498 2325 607 2379 ridetur
625 2325 746 2403 Abramo
767 2332 797 2379 et
817 2331 910 2381 Arsno
930 2324 1015 2381 husae
1036 2319 1131 2381 ¹mater
1151 2329 1260 2390 eadem,
1281 2329 1409 2386 Nachori
1428 2330 1519 2389 diversa
1564 2291 1568 2382 i

216 2411 247 2460 et
264 2406 367 2460 Abram
388 2404 463 2458 initio
483 2421 547 2458 anni
567 2411 656 2467 naurs,
676 2412 752 2462 Aran
771 2407 833 2465 dne.
876 2405 951 2460 Nihil
971 2406 1058 2476 igitur
1078 2422 1179 2461 causae
1199 2407 1304 2464 luisset
1327 2428 1367 2464 ex
1387 2411 1438 2464 hoc
1455 2411 1520 2479 tn'qe

216 2484 287 2539 mino
309 2484 429 2553 ejusdem
456 2485 519 2538 anni
545 2491 643 2553 partu,
669 2501 718 2538 cur
738 2497 838 2539 annum
859 2486 903 2541 75.
925 2485 1027 2540 aetatis
1046 2485 1160 2542 Abrami
1186 2486 1401 2556 divelleremus
1416 2493 1449 2545 ab
1466 2506 1518 2544 aras
1565 2461 1569 2507 ἐ

219 2566 284 2621 145.
305 2565 405 2619 seam
426 2565 524 2618 unae.
686 2624 690 2636 ,
965 2568 974 2617 ’,
1200 2620 1202 2624 ,
1441 2611 1445 2618 ,
1564 2530 1569 2617 l

304 2646 350 2699 36.
380 2645 422 2698 Ne
441 2644 557 2714 suspicio
578 2642 686 2714 quidem
701 2649 752 2706 est,
773 2660 843 2698 anno
864 2644 965 2699 aetatis
974 2645 1088 2702 Abrami
1111 2647 1175 2701 loo.
1196 2648 1336 2703 mmsiise
1357 2653 1520 2720 pluresqun
1565 2617 1569 2682 ἦ

216 2726 279 2780 loo
296 2741 315 2778 a
333 2731 407 2787 nato¹
424 2730 525 2780 Arana.
565 2723 674 2785 Etenim
692 2729 769 2801 aran
793 2724 892 2794 gennit
916 2721 1050 2788 Meleam,
1079 2725 1149 2780 baec
1177 2727 1292 2783 tilios8
1322 2729 1408 2791 fraisi
1430 2726 1520 2785 nonu
1566 2739 1567 2793 f

214 2804 334 2875 Nachori
355 2803 441 2870 (Gen.
454 2797 573 2866 xxm),
594 2810 624 2856 et
643 2804 714 2857 inter
734 2804 783 2857 hos
803 2804 974 2858 Batbuelem.
1014 2805 1067 2859 Hic
1093 2821 1158 2858 vero
1178 2807 1359 2873 Rebeccam,
1381 2826 1449 2880 quae
1466 2823 1520 2861 sano

216 2886 323 2938 aetatis
337 2883 449 2938 abrami
462 2886 516 2955 loo
537 2881 629 2951 nupsit
647 2884 725 2936 Isaeo
746 2884 938 2953 sexagenario.
970 2883 1071 2946 Quodsi
1088 2885 1218 2940 Rebecca
1240 2887 1278 2940 sit
1300 2896 1374 2944 nata
1393 2906 1458 2943 anno
1471 2887 1518 2942 131
1565 2956 1567 2959 ι

214 2964 328 3020 Abrami
348 2972 378 3017 et
397 2963 516 3018 Bathuel
537 2979 607 3018 auno
629 2962 675 3017 811.
697 2969 726 3016 et
746 2964 837 3018 Melea
857 2979 927 3025 anno
949 2965 1001 3019 50:
1029 2965 1188 3032 ecnubere
1206 2967 1304 3034 potuit
1326 2969 1445 3023 Naehori
1462 2981 1518 3020 auro
1566 2967 1567 2974 ’

217 3044 263 3099 70.
284 3043 396 3100 abrami
418 3043 505 3111 etsie
526 3052 589 3096 ante
610 3041 879 3101 discessumhbrami
899 3044 1048 3097 exHaran.
1078 3045 1156 3098 Haec
1176 3046 1271 3099 omnia
1292 3047 1448 3104 difficiliora
1463 3048 1519 3103 fient

215 3123 242 3177 si
258 3123 449 3194 dispertiamur
475 3122 546 3177 iuter
572 3123 642 3177 haec
667 3129 751 3192 gesta
776 3138 872 3185 anuos,
888 3121 997 3193 insuper
1018 3126 1070 3187 60,
1098 3123 1136 3178 sic
1161 3131 1193 3178 ut
1212 3122 1326 3182 Abram
1347 3129 1385 3182 sit
1405 3135 1475 3182 natus
1491 3126 1518 3179 60

215 3206 293 3265 annis
314 3211 377 3273 post
395 3210 479 3259 Aram
731 3250 734 3257 .
1117 3240 1127 3263 0
1246 3236 1256 3265 i

126 3347 130 3350 .
304 3284 350 3339 37.
381 3284 418 3337 Ut
437 3298 490 3336 non
511 3281 606 3344 dicam,
627 3297 709 3351 quam
730 3283 826 3335 durum
846 3281 882 3335 sit
902 3288 1034 3345 statuere,
1055 3285 1124 3354 quod
1140 3284 1243 3346 Moses,
1265 3286 1316 3357 qui
1337 3287 1367 3340 in
1387 3300 1516 3340 commem

214 3363 321 3418 ratiorm
342 3370 465 3431 aetatum
485 3369 639 3434 ceterarum
659 3360 804 3416 accuratus
825 3361 1002 3425 omninol'uit,
1022 3363 1096 3416 circa
1104 3364 1276 3435 praecipuae
1290 3373 1388 3420 tamen
1401 3380 1516 3436 pereum

194 3442 343 3504 abrami,
372 3450 494 3496 aetatem
514 3441 654 3495 lsraelitas
683 3457 733 3510 per
753 3448 796 3513 tot
820 3443 914 3495 secula
942 3459 1029 3513 usque
1054 3443 1088 3496 ad
1110 3442 1212 3497 Christi
1239 3447 1395 3500 adrentum
1414 3446 1437 3500 in
1455 3443 1515 3498 datia

215 3523 289 3583 circa
310 3525 346 3576 60
368 3538 452 3575 annos
472 3521 621 3592 reliquerit.
969 3586 971 3591 ,

258 3643 260 3651 .
304 3602 349 3656 36.
374 3605 497 3670 ,Propter
517 3600 685 3677 camaenas
705 3599 968 3670 praegnantissimas
988 3601 1097 3654 ridetur
1117 3602 1336 3677 Grammaticae,
1357 3604 1514 3677 quamendn

215 3700 275 3736 esse
298 3681 553 3751 interpretationem
579 3680 698 3751 aliquam
724 3683 891 3735 commodam
916 3681 1060 3735 verborum
1080 3680 1135 3734 diri
1161 3686 1381 3756 protomartyris
1401 3686 1464 3752 (Act
1481 3678 1515 3743 7.),

214 3780 270 3834 qua
289 3762 515 3831 interpretatione
536 3761 712 3815 cormilientur
731 3759 782 3817 illa
801 3777 862 3813 cum
883 3760 982 3814 Genesi
1003 3762 1173 3816 commodius.

302 3861 348 3918 39.
379 3860 530 3914 Occurrunt
555 3865 648 3912 autem
674 3848 875 3912 conciliationes
902 3857 986 3911 istae:
1017 3853 1043 3920 l)
1064 3858 1197 3927 Stephani
1225 3861 1400 3929 propositum
1426 3861 1511 3914 videtu
1566 3871 1569 3878 ’

213 3941 322 3994 differre
343 3956 361 3994 a
380 3940 518 4010 proposito
537 3939 628 3994 llosis.
669 3937 720 3992 Hic
747 3937 818 3992 enim
843 3953 974 3991 annorum
998 3940 1138 4008 sequelam
1164 3956 1201 3993 ex
1222 3941 1353 4008 professo
1374 3942 1453 4003 texit,
1468 3940 1513 3993 se

214 4021 320 4090 pharius
340 4038 405 4075 vero
432 4020 586 4090 ingreditur
611 4017 774 4078 orationem,
801 4016 904 4087 inqua
928 4019 1007 4071 fidem
1026 4015 1178 4072 abrahami
1198 4027 1231 4071 et
1251 4021 1467 4088 patriarcham
1483 4023 1513 4069 et
1570 4060 1571 4063 .

148 4150 152 4155 ,
213 4103 456 4154 commendaturus.
496 4099 577 4168 Eius.
590 4096 652 4151 fidei
673 4104 839 4167 argumenta
864 4097 966 4166 repetit
992 4114 1011 4151 a
1029 4097 1122 4166 primis
1149 4097 1337 4156 incunabulis.
1379 4103 1441 4155 Can
1461 4098 1512 4151 esi!

214 4179 301 4234 anr
320 4179 522 4234 Chaldaeorum
539 4172 698 4240 'serviretur
717 4177 777 4239 Diis
797 4176 908 4238 alienia,
929 4177 1018 4246 prima
1037 4177 1100 4231 fidei
1119 4178 1274 4234 Abrahami
1303 4181 1434 4235 fortitudo
1451 4180 1473 4232 ia
1488 4192 1512 4227 ro
1550 4213 1571 4225 .

213 4260 320 4322 enituit,
347 4263 419 4329 quod
438 4261 475 4312 ad
496 4259 616 4312 divinum
642 4256 771 4309 monitam
799 4257 920 4310 deseruit
946 4274 1006 4311 cum
1032 4264 1113 4326 patre
1133 4257 1254 4325 patriam
1277 4261 1319 4314 Ur
1340 4263 1511 4315 Chaldaeum

213 4339 353 4410 exivitque
374 4340 505 4401 inHaran
525 4335 742 4407 peregrinatum,
761 4353 809 4388 seu
824 4336 913 4404 potius
934 4338 1084 4399 exulatum,
1106 4337 1195 4403 animo
1218 4338 1333 4408 quidem
1352 4334 1510 4410 proficiscedi

212 4419 241 4473 in
262 4420 445 4482 cananaeam,
466 4425 497 4471 ut
516 4418 617 4471 diserte
638 4415 772 4479 indicatur
793 4432 852 4485 cap.
873 4417 922 4471 xl.
942 4419 1004 4471 tine.
1044 4410 1120 4479 Etsi,
1141 4434 1202 4470 cum
1224 4420 1368 4476 venissent
1386 4421 1412 4473 in
1429 4421 1510 4472 Hem

213 4500 251 4554 ibi
271 4500 439 4561 habitarunt,
460 4496 505 4552 vel
531 4503 642 4567 propter
663 4495 881 4552 ,imbecillitatem
902 4498 1006 4558 Thea,
1020 4498 1076 4554 ,vel
1098 4496 1164 4566 quia
1182 4497 1206 4549 is
1228 4502 1400 4556 amoenitate
1418 4498 1474 4557 loci,
1488 4505 1510 4546 1

212 4580 325 4633 Judaeis
346 4581 446 4648 placet,
467 4587 564 4647 captus
584 4576 697 4629 nolebat
715 4576 853 4645 progredi.
883 4578 921 4630 Et
936 4578 1006 4641 haec
1021 4571 1157 4630 habitatio
1176 4578 1291 4633 durarit
1312 4570 1414 4651 aliquot
1432 4592 1508 4631 suma
1546 4615 1548 4633 ÷
1570 4636 1571 4643 ἵ

208 4662 388 4728 fecerunta.
409 4659 523 4727 aliquot
542 4658 652 4721 animas
672 4657 704 4708 in
723 4654 830 4709 Horon
849 4655 970 4710 familiae
984 4657 1087 4714 Abram
1108 4662 1137 4709 et
1156 4657 1233 4711 loth
1254 4658 1336 4727 (Gen
1352 4655 1430 4721 m).
1460 4655 1508 4708 lile

211 4739 419 4794 succedentibus
446 4738 523 4791 annis
544 4738 647 4798 Abram
673 4735 756 4789 etiam
776 4736 872 4790 llarau
899 4738 1024 4800 deserta,
1050 4741 1167 4804 vocante
1188 4754 1300 4802 rursum
1320 4742 1394 4803 Deo,
1413 4732 1507 4792 renit'!
1570 4796 1571 4799 ,
