<?xml version="1.0" encoding="UTF-8"?>
<!DOCTYPE html PUBLIC "-//W3C//DTD XHTML 1.0 Transitional//EN"
    "http://www.w3.org/TR/xhtml1/DTD/xhtml1-transitional.dtd">
<html xmlns="http://www.w3.org/1999/xhtml" xml:lang="en" lang="en">
 <head>
  <title>
</title>
<meta http-equiv="Content-Type" content="text/html;charset=utf-8" />
  <meta name='ocr-system' content='tesseract 3.04.00' />
  <meta name='ocr-capabilities' content='ocr_page ocr_carea ocr_par ocr_line ocrx_word'/>
</head>
<body>
  <div class='ocr_page' id='page_1' title='image "./joanniskepleria13frisgoog_0142.png"; bbox 0 0 3142 5476; ppageno 0'>
   <div class='ocr_carea' id='block_1_1' title="bbox 591 285 1388 376">
    <p class='ocr_par' dir='ltr' id='par_1_1' title="bbox 591 285 1388 376">
     <span class='ocr_line' id='line_1_1' title="bbox 591 285 1388 376; baseline -0.01 -15"><span class='ocrx_word' id='word_1_1' title='bbox 591 311 759 376; x_wconf 86' lang='lat' dir='ltr'><strong>Dstsmporls</strong></span> <span class='ocrx_word' id='word_1_2' title='bbox 769 311 846 365; x_wconf 78' lang='lat' dir='ltr'><strong>initio.</strong></span> <span class='ocrx_word' id='word_1_3' title='bbox 1327 285 1388 353; x_wconf 80' lang='grc'><strong>129</strong></span> 
     </span>
    </p>
   </div>
   <div class='ocr_carea' id='block_1_2' title="bbox 1 448 1393 1787">
    <p class='ocr_par' dir='ltr' id='par_1_2' title="bbox 1 448 1393 1787">
     <span class='ocr_line' id='line_1_2' title="bbox 73 448 1389 535; baseline 0.002 -25"><span class='ocrx_word' id='word_1_4' title='bbox 73 448 218 531; x_wconf 77' lang='lat' dir='ltr'><strong>petendae,</strong></span> <span class='ocrx_word' id='word_1_5' title='bbox 240 449 356 532; x_wconf 90' lang='lat' dir='ltr'><strong>inipso</strong></span> <span class='ocrx_word' id='word_1_6' title='bbox 372 453 515 533; x_wconf 90' lang='lat' dir='ltr'><strong>temporis</strong></span> <span class='ocrx_word' id='word_1_7' title='bbox 531 452 677 534; x_wconf 90' lang='lat' dir='ltr'><strong>principio</strong></span> <span class='ocrx_word' id='word_1_8' title='bbox 698 473 765 517; x_wconf 92' lang='lat' dir='ltr'><strong>oum</strong></span> <span class='ocrx_word' id='word_1_9' title='bbox 780 472 926 535; x_wconf 89' lang='lat' dir='ltr'><strong>corporea</strong></span> <span class='ocrx_word' id='word_1_10' title='bbox 947 458 1087 515; x_wconf 88' lang='lat' dir='ltr'><strong>creatura</strong></span> <span class='ocrx_word' id='word_1_11' title='bbox 1106 451 1280 533; x_wconf 86' lang='lat' dir='ltr'><strong>spirituales</strong></span> <span class='ocrx_word' id='word_1_12' title='bbox 1296 449 1389 513; x_wconf 89' lang='lat' dir='ltr'><strong>etiam</strong></span> 
     </span>
     <span class='ocr_line' id='line_1_3' title="bbox 72 538 1389 625; baseline 0.002 -26"><span class='ocrx_word' id='word_1_13' title='bbox 72 538 185 620; x_wconf 84' lang='lat' dir='ltr'><strong>producti</strong></span> <span class='ocrx_word' id='word_1_14' title='bbox 200 539 267 601; x_wconf 92' lang='lat' dir='ltr'><strong>sint</strong></span> <span class='ocrx_word' id='word_1_15' title='bbox 281 541 446 617; x_wconf 87' lang='lat' dir='ltr'><strong>exercitus,</strong></span> <span class='ocrx_word' id='word_1_16' title='bbox 465 542 537 605; x_wconf 92' lang='lat' dir='ltr'><strong>boni</strong></span> <span class='ocrx_word' id='word_1_17' title='bbox 552 543 672 624; x_wconf 91' lang='lat' dir='ltr'><strong>quidem</strong></span> <span class='ocrx_word' id='word_1_18' title='bbox 686 544 722 618; x_wconf 92' lang='lat' dir='ltr'><strong>ii,</strong></span> <span class='ocrx_word' id='word_1_19' title='bbox 738 544 792 605; x_wconf 90' lang='lat' dir='ltr'><strong>sed</strong></span> <span class='ocrx_word' id='word_1_20' title='bbox 807 542 878 605; x_wconf 94' lang='lat' dir='ltr'><strong>mali</strong></span> <span class='ocrx_word' id='word_1_21' title='bbox 895 560 1036 625; x_wconf 77' lang='lat' dir='ltr'><strong>capaces,</strong></span> <span class='ocrx_word' id='word_1_22' title='bbox 1056 541 1087 603; x_wconf 93' lang='lat' dir='ltr'><strong>iu</strong></span> <span class='ocrx_word' id='word_1_23' title='bbox 1103 541 1208 622; x_wconf 91' lang='lat' dir='ltr'><strong>quibus</strong></span> <span class='ocrx_word' id='word_1_24' title='bbox 1229 541 1335 604; x_wconf 87' lang='lat' dir='ltr'><strong>statim</strong></span> <span class='ocrx_word' id='word_1_25' title='bbox 1350 540 1389 602; x_wconf 90' lang='lat' dir='ltr'><strong>ab</strong></span> 
     </span>
     <span class='ocr_line' id='line_1_4' title="bbox 1 627 1389 713; baseline 0.001 -24"><span class='ocrx_word' id='word_1_26' title='bbox 1 672 2 677; x_wconf 17' lang='grc' dir='ltr'>η</span> <span class='ocrx_word' id='word_1_27' title='bbox 71 627 132 690; x_wconf 88' lang='lat' dir='ltr'><strong>initio</strong></span> <span class='ocrx_word' id='word_1_28' title='bbox 145 627 218 690; x_wconf 92' lang='lat' dir='ltr'><strong>boui</strong></span> <span class='ocrx_word' id='word_1_29' title='bbox 231 629 358 711; x_wconf 82' lang='lat' dir='ltr'><strong>positivi</strong></span> <span class='ocrx_word' id='word_1_30' title='bbox 372 632 578 711; x_wconf 88' lang='lat' dir='ltr'><strong>praesentiam</strong></span> <span class='ocrx_word' id='word_1_31' title='bbox 593 632 701 695; x_wconf 91' lang='lat' dir='ltr'><strong>vicerit</strong></span> <span class='ocrx_word' id='word_1_32' title='bbox 714 632 786 695; x_wconf 90' lang='lat' dir='ltr'><strong>mali</strong></span> <span class='ocrx_word' id='word_1_33' title='bbox 804 631 981 713; x_wconf 89' lang='lat' dir='ltr'><strong>potentialis</strong></span> <span class='ocrx_word' id='word_1_34' title='bbox 1000 630 1132 705; x_wconf 89' lang='lat' dir='ltr'><strong>macula,</strong></span> <span class='ocrx_word' id='word_1_35' title='bbox 1154 630 1185 693; x_wconf 94' lang='lat' dir='ltr'><strong>in</strong></span> <span class='ocrx_word' id='word_1_36' title='bbox 1200 637 1304 692; x_wconf 84' lang='lat' dir='ltr'><strong>sotum</strong></span> <span class='ocrx_word' id='word_1_37' title='bbox 1322 646 1389 691; x_wconf 85' lang='lat' dir='ltr'><strong>sese</strong></span> 
     </span>
     <span class='ocr_line' id='line_1_5' title="bbox 1 716 1389 801; baseline 0.001 -23"><span class='ocrx_word' id='word_1_38' title='bbox 1 722 3 747; x_wconf 82' lang='lat'><em>³</em></span> <span class='ocrx_word' id='word_1_39' title='bbox 73 716 185 779; x_wconf 80' lang='lat' dir='ltr'><strong>:lerens</strong></span> <span class='ocrx_word' id='word_1_40' title='bbox 231 719 364 781; x_wconf 77' lang='lat' dir='ltr'><strong>Tantam</strong></span> <span class='ocrx_word' id='word_1_41' title='bbox 386 721 592 801; x_wconf 90' lang='lat' dir='ltr'><strong>quaestionem</strong></span> <span class='ocrx_word' id='word_1_42' title='bbox 615 728 702 784; x_wconf 90' lang='lat' dir='ltr'><strong>atot</strong></span> <span class='ocrx_word' id='word_1_43' title='bbox 722 721 835 784; x_wconf 89' lang='lat' dir='ltr'><strong>scholis</strong></span> <span class='ocrx_word' id='word_1_44' title='bbox 856 727 1000 783; x_wconf 89' lang='lat' dir='ltr'><strong>vexatam</strong></span> <span class='ocrx_word' id='word_1_45' title='bbox 1020 739 1124 782; x_wconf 87' lang='lat' dir='ltr'><strong>amens</strong></span> <span class='ocrx_word' id='word_1_46' title='bbox 1144 719 1200 782; x_wconf 90' lang='lat' dir='ltr'><strong>sim</strong></span> <span class='ocrx_word' id='word_1_47' title='bbox 1222 720 1247 782; x_wconf 92' lang='lat' dir='ltr'><strong>si</strong></span> <span class='ocrx_word' id='word_1_48' title='bbox 1267 718 1389 781; x_wconf 84' lang='lat' dir='ltr'><strong>definire</strong></span> 
     </span>
     <span class='ocr_line' id='line_1_6' title="bbox 71 806 1389 892; baseline 0.002 -25"><span class='ocrx_word' id='word_1_49' title='bbox 71 825 100 868; x_wconf 87' lang='lat' dir='ltr'><strong>ue</strong></span> <span class='ocrx_word' id='word_1_50' title='bbox 113 814 143 868; x_wconf 92' lang='lat' dir='ltr'><strong>et</strong></span> <span class='ocrx_word' id='word_1_51' title='bbox 157 806 298 871; x_wconf 80' lang='lat' dir='ltr'><strong>decidere</strong></span> <span class='ocrx_word' id='word_1_52' title='bbox 314 828 353 870; x_wconf 86' lang='lat' dir='ltr'><strong>ex</strong></span> <span class='ocrx_word' id='word_1_53' title='bbox 367 810 496 891; x_wconf 90' lang='lat' dir='ltr'><strong>propriis</strong></span> <span class='ocrx_word' id='word_1_54' title='bbox 513 810 574 874; x_wconf 90' lang='lat' dir='ltr'><strong>suis</strong></span> <span class='ocrx_word' id='word_1_55' title='bbox 590 811 794 874; x_wconf 82' lang='lat' dir='ltr'><strong>fundamentis</strong></span> <span class='ocrx_word' id='word_1_56' title='bbox 810 828 928 892; x_wconf 83' lang='lat' dir='ltr'><strong>sperem</strong></span> <span class='ocrx_word' id='word_1_57' title='bbox 943 828 1042 891; x_wconf 89' lang='lat' dir='ltr'><strong>posse.</strong></span> <span class='ocrx_word' id='word_1_58' title='bbox 1078 809 1124 872; x_wconf 91' lang='lat' dir='ltr'><strong>At</strong></span> <span class='ocrx_word' id='word_1_59' title='bbox 1140 809 1166 872; x_wconf 90' lang='lat' dir='ltr'><strong>si</strong></span> <span class='ocrx_word' id='word_1_60' title='bbox 1181 816 1285 871; x_wconf 87' lang='lat' dir='ltr'><strong>tamen</strong></span> <span class='ocrx_word' id='word_1_61' title='bbox 1298 809 1389 870; x_wconf 92' lang='lat' dir='ltr'><strong>theo-</strong></span> 
     </span>
     <span class='ocr_line' id='line_1_7' title="bbox 1 895 1390 983; baseline -0.004 -20"><span class='ocrx_word' id='word_1_62' title='bbox 1 960 2 963; x_wconf 63' lang='lat'><strong>,</strong></span> <span class='ocrx_word' id='word_1_63' title='bbox 71 895 126 976; x_wconf 88' lang='lat' dir='ltr'><strong>logis</strong></span> <span class='ocrx_word' id='word_1_64' title='bbox 146 896 186 959; x_wconf 88' lang='lat' dir='ltr'><strong>ad</strong></span> <span class='ocrx_word' id='word_1_65' title='bbox 201 897 315 960; x_wconf 92' lang='lat' dir='ltr'><strong>nodum</strong></span> <span class='ocrx_word' id='word_1_66' title='bbox 336 898 414 962; x_wconf 91' lang='lat' dir='ltr'><strong>hunc</strong></span> <span class='ocrx_word' id='word_1_67' title='bbox 437 898 582 963; x_wconf 88' lang='lat' dir='ltr'><strong>Gordium</strong></span> <span class='ocrx_word' id='word_1_68' title='bbox 604 902 754 983; x_wconf 86' lang='lat' dir='ltr'><strong>proficuus</strong></span> <span class='ocrx_word' id='word_1_69' title='bbox 777 907 826 962; x_wconf 90' lang='lat' dir='ltr'><strong>est</strong></span> <span class='ocrx_word' id='word_1_70' title='bbox 846 898 1015 965; x_wconf 77' lang='lat' dir='ltr'><strong>Alexandri</strong></span> <span class='ocrx_word' id='word_1_71' title='bbox 1036 898 1169 980; x_wconf 82' lang='lat' dir='ltr'><strong>gladius:</strong></span> <span class='ocrx_word' id='word_1_72' title='bbox 1201 897 1338 980; x_wconf 91' lang='lat' dir='ltr'><strong>equidem</strong></span> <span class='ocrx_word' id='word_1_73' title='bbox 1358 896 1390 959; x_wconf 93' lang='lat' dir='ltr'><strong>in</strong></span> 
     </span>
     <span class='ocr_line' id='line_1_8' title="bbox 72 984 1392 1072; baseline 0.002 -26"><span class='ocrx_word' id='word_1_74' title='bbox 72 1004 117 1046; x_wconf 88' lang='lat' dir='ltr'><strong>nea</strong></span> <span class='ocrx_word' id='word_1_75' title='bbox 130 986 260 1049; x_wconf 88' lang='lat' dir='ltr'><strong>materia</strong></span> <span class='ocrx_word' id='word_1_76' title='bbox 275 988 341 1070; x_wconf 91' lang='lat' dir='ltr'><strong>ipse</strong></span> <span class='ocrx_word' id='word_1_77' title='bbox 355 1007 403 1051; x_wconf 91' lang='lat' dir='ltr'><strong>me</strong></span> <span class='ocrx_word' id='word_1_78' title='bbox 420 1008 479 1052; x_wconf 91' lang='lat' dir='ltr'><strong>non</strong></span> <span class='ocrx_word' id='word_1_79' title='bbox 495 990 622 1071; x_wconf 85' lang='lat' dir='ltr'><strong>expedio</strong></span> <span class='ocrx_word' id='word_1_80' title='bbox 632 990 856 1072; x_wconf 80' lang='lat' dir='ltr'><strong>felicius,quam</strong></span> <span class='ocrx_word' id='word_1_81' title='bbox 870 991 928 1052; x_wconf 92' lang='lat' dir='ltr'><strong>hoe</strong></span> <span class='ocrx_word' id='word_1_82' title='bbox 942 989 1009 1070; x_wconf 91' lang='lat' dir='ltr'><strong>ipso</strong></span> <span class='ocrx_word' id='word_1_83' title='bbox 1026 989 1095 1050; x_wconf 91' lang='lat' dir='ltr'><strong>dum</strong></span> <span class='ocrx_word' id='word_1_84' title='bbox 1110 1007 1224 1063; x_wconf 89' lang='lat' dir='ltr'><strong>assero,</strong></span> <span class='ocrx_word' id='word_1_85' title='bbox 1239 987 1325 1062; x_wconf 82' lang='lat' dir='ltr'><strong>Eum,</strong></span> <span class='ocrx_word' id='word_1_86' title='bbox 1341 984 1392 1066; x_wconf 91' lang='lat' dir='ltr'><strong>qui</strong></span> 
     </span>
     <span class='ocr_line' id='line_1_9' title="bbox 72 1075 1390 1165; baseline 0.002 -29"><span class='ocrx_word' id='word_1_87' title='bbox 72 1082 216 1156; x_wconf 85' lang='lat' dir='ltr'><strong>temporum</strong></span> <span class='ocrx_word' id='word_1_88' title='bbox 233 1078 458 1154; x_wconf 85' lang='lat' dir='ltr'><strong>successiones,</strong></span> <span class='ocrx_word' id='word_1_89' title='bbox 481 1079 529 1160; x_wconf 92' lang='lat' dir='ltr'><strong>qui</strong></span> <span class='ocrx_word' id='word_1_90' title='bbox 550 1080 682 1165; x_wconf 87' lang='lat' dir='ltr'><strong>locorum</strong></span> <span class='ocrx_word' id='word_1_91' title='bbox 703 1079 904 1142; x_wconf 81' lang='lat' dir='ltr'><strong>distentiones</strong></span> <span class='ocrx_word' id='word_1_92' title='bbox 923 1079 1055 1142; x_wconf 87' lang='lat' dir='ltr'><strong>insuam</strong></span> <span class='ocrx_word' id='word_1_93' title='bbox 1077 1077 1242 1140; x_wconf 88' lang='lat' dir='ltr'><strong>essentiam</strong></span> <span class='ocrx_word' id='word_1_94' title='bbox 1256 1095 1317 1140; x_wconf 94' lang='lat' dir='ltr'><strong>non</strong></span> <span class='ocrx_word' id='word_1_95' title='bbox 1333 1075 1390 1137; x_wconf 91' lang='lat' dir='ltr'><strong>ad·</strong></span> 
     </span>
     <span class='ocr_line' id='line_1_10' title="bbox 71 1164 1391 1251; baseline 0.002 -25"><span class='ocrx_word' id='word_1_96' title='bbox 71 1164 157 1239; x_wconf 79' lang='lat' dir='ltr'><strong>dcis,</strong></span> <span class='ocrx_word' id='word_1_97' title='bbox 178 1166 323 1228; x_wconf 91' lang='lat' dir='ltr'><strong>muudum</strong></span> <span class='ocrx_word' id='word_1_98' title='bbox 339 1168 524 1244; x_wconf 88' lang='lat' dir='ltr'><strong>condidisse,</strong></span> <span class='ocrx_word' id='word_1_99' title='bbox 547 1169 612 1250; x_wconf 93' lang='lat' dir='ltr'><strong>qui,</strong></span> <span class='ocrx_word' id='word_1_100' title='bbox 634 1188 691 1251; x_wconf 91' lang='lat' dir='ltr'><strong>quo</strong></span> <span class='ocrx_word' id='word_1_101' title='bbox 706 1176 859 1233; x_wconf 90' lang='lat' dir='ltr'><strong>momento</strong></span> <span class='ocrx_word' id='word_1_102' title='bbox 880 1168 1016 1244; x_wconf 84' lang='lat' dir='ltr'><strong>exstitit,</strong></span> <span class='ocrx_word' id='word_1_103' title='bbox 1038 1175 1070 1230; x_wconf 90' lang='lat' dir='ltr'><strong>et</strong></span> <span class='ocrx_word' id='word_1_104' title='bbox 1085 1166 1230 1250; x_wconf 88' lang='lat' dir='ltr'><strong>temporis</strong></span> <span class='ocrx_word' id='word_1_105' title='bbox 1251 1171 1391 1240; x_wconf 90' lang='lat' dir='ltr'><strong>tractum,</strong></span> 
     </span>
     <span class='ocr_line' id='line_1_11' title="bbox 73 1254 1392 1332; baseline 0.001 -17"><span class='ocrx_word' id='word_1_106' title='bbox 73 1254 239 1317; x_wconf 76' lang='lat' dir='ltr'><strong>duodenem</strong></span> <span class='ocrx_word' id='word_1_107' title='bbox 261 1263 294 1318; x_wconf 89' lang='lat' dir='ltr'><strong>et</strong></span> <span class='ocrx_word' id='word_1_108' title='bbox 315 1258 448 1320; x_wconf 89' lang='lat' dir='ltr'><strong>locomm</strong></span> <span class='ocrx_word' id='word_1_109' title='bbox 470 1258 632 1321; x_wconf 89' lang='lat' dir='ltr'><strong>intervalla</strong></span> <span class='ocrx_word' id='word_1_110' title='bbox 653 1258 810 1322; x_wconf 84' lang='lat' dir='ltr'><strong>diffusione</strong></span> <span class='ocrx_word' id='word_1_111' title='bbox 836 1279 891 1321; x_wconf 92' lang='lat' dir='ltr'><strong>sua</strong></span> <span class='ocrx_word' id='word_1_112' title='bbox 916 1257 1042 1320; x_wconf 80' lang='lat' dir='ltr'><strong>comites</strong></span> <span class='ocrx_word' id='word_1_113' title='bbox 1067 1257 1208 1332; x_wconf 87' lang='lat' dir='ltr'><strong>adduxit,</strong></span> <span class='ocrx_word' id='word_1_114' title='bbox 1233 1254 1392 1319; x_wconf 90' lang='lat' dir='ltr'><strong>constituit</strong></span> 
     </span>
     <span class='ocr_line' id='line_1_12' title="bbox 1 1343 1392 1430; baseline 0.001 -25"><span class='ocrx_word' id='word_1_115' title='bbox 1 1386 3 1390; x_wconf 79' lang='lat'><em>·</em></span> <span class='ocrx_word' id='word_1_116' title='bbox 72 1343 137 1425; x_wconf 84' lang='lat' dir='ltr'><strong>&#39;nque</strong></span> <span class='ocrx_word' id='word_1_117' title='bbox 150 1343 250 1407; x_wconf 90' lang='lat' dir='ltr'><strong>lucem</strong></span> <span class='ocrx_word' id='word_1_118' title='bbox 264 1345 481 1409; x_wconf 90' lang='lat' dir='ltr'><strong>intellectiouis</strong></span> <span class='ocrx_word' id='word_1_119' title='bbox 497 1347 614 1410; x_wconf 84' lang='lat' dir='ltr'><strong>extulit</strong></span> <span class='ocrx_word' id='word_1_120' title='bbox 647 1347 818 1430; x_wconf 90' lang='lat' dir='ltr'><strong>Propterea</strong></span> <span class='ocrx_word' id='word_1_121' title='bbox 831 1348 958 1410; x_wconf 90' lang='lat' dir='ltr'><strong>mundus</strong></span> <span class='ocrx_word' id='word_1_122' title='bbox 974 1346 1092 1428; x_wconf 88' lang='lat' dir='ltr'><strong>quidem</strong></span> <span class='ocrx_word' id='word_1_123' title='bbox 1108 1346 1147 1409; x_wconf 88' lang='lat' dir='ltr'><strong>ab</strong></span> <span class='ocrx_word' id='word_1_124' title='bbox 1163 1353 1232 1409; x_wconf 89' lang='lat' dir='ltr'><strong>ortu</strong></span> <span class='ocrx_word' id='word_1_125' title='bbox 1248 1346 1288 1408; x_wconf 91' lang='lat' dir='ltr'><strong>ad</strong></span> <span class='ocrx_word' id='word_1_126' title='bbox 1302 1345 1392 1407; x_wconf 84' lang='lat' dir='ltr'><strong>finem</strong></span> 
     </span>
     <span class='ocr_line' id='line_1_13' title="bbox 1 1435 1391 1519; baseline 0.001 -25"><span class='ocrx_word' id='word_1_127' title='bbox 1 1454 2 1458; x_wconf 46' lang='lat'>¹</span> <span class='ocrx_word' id='word_1_128' title='bbox 73 1442 204 1514; x_wconf 84' lang='lat' dir='ltr'><strong>properat,</strong></span> <span class='ocrx_word' id='word_1_129' title='bbox 227 1443 335 1497; x_wconf 87' lang='lat' dir='ltr'><strong>auctor</strong></span> <span class='ocrx_word' id='word_1_130' title='bbox 349 1456 421 1499; x_wconf 92' lang='lat' dir='ltr'><strong>vero</strong></span> <span class='ocrx_word' id='word_1_131' title='bbox 436 1437 546 1512; x_wconf 91' lang='lat' dir='ltr'><strong>mundi,</strong></span> <span class='ocrx_word' id='word_1_132' title='bbox 561 1444 688 1519; x_wconf 91' lang='lat' dir='ltr'><strong>gestans</strong></span> <span class='ocrx_word' id='word_1_133' title='bbox 709 1456 777 1499; x_wconf 90' lang='lat' dir='ltr'><strong>eum</strong></span> <span class='ocrx_word' id='word_1_134' title='bbox 791 1438 883 1500; x_wconf 92' lang='lat' dir='ltr'><strong>verbo</strong></span> <span class='ocrx_word' id='word_1_135' title='bbox 898 1436 1055 1518; x_wconf 89' lang='lat' dir='ltr'><strong>potentiae</strong></span> <span class='ocrx_word' id='word_1_136' title='bbox 1072 1455 1153 1511; x_wconf 90' lang='lat' dir='ltr'><strong>suae,</strong></span> <span class='ocrx_word' id='word_1_137' title='bbox 1168 1435 1200 1498; x_wconf 92' lang='lat' dir='ltr'><strong>in</strong></span> <span class='ocrx_word' id='word_1_138' title='bbox 1216 1453 1271 1498; x_wconf 89' lang='lat' dir='ltr'><strong>sua</strong></span> <span class='ocrx_word' id='word_1_139' title='bbox 1287 1442 1391 1497; x_wconf 89' lang='lat' dir='ltr'><strong>aeter·</strong></span> 
     </span>
     <span class='ocr_line' id='line_1_14' title="bbox 74 1521 1393 1608; baseline 0 -24"><span class='ocrx_word' id='word_1_140' title='bbox 74 1522 144 1584; x_wconf 83' lang='lat' dir='ltr'><strong>ritate</strong></span> <span class='ocrx_word' id='word_1_141' title='bbox 159 1531 329 1604; x_wconf 89' lang='lat' dir='ltr'><strong>permanet,</strong></span> <span class='ocrx_word' id='word_1_142' title='bbox 345 1525 536 1608; x_wconf 88' lang='lat' dir='ltr'><strong>ejusdemque</strong></span> <span class='ocrx_word' id='word_1_143' title='bbox 553 1534 601 1589; x_wconf 91' lang='lat' dir='ltr'><strong>est</strong></span> <span class='ocrx_word' id='word_1_144' title='bbox 617 1527 730 1589; x_wconf 89' lang='lat' dir='ltr'><strong>aetatis</strong></span> <span class='ocrx_word' id='word_1_145' title='bbox 746 1535 779 1589; x_wconf 92' lang='lat' dir='ltr'><strong>et</strong></span> <span class='ocrx_word' id='word_1_146' title='bbox 794 1526 844 1608; x_wconf 90' lang='lat' dir='ltr'><strong>qui</strong></span> <span class='ocrx_word' id='word_1_147' title='bbox 857 1526 1035 1590; x_wconf 89' lang='lat' dir='ltr'><strong>hodiernum</strong></span> <span class='ocrx_word' id='word_1_148' title='bbox 1050 1524 1154 1588; x_wconf 89' lang='lat' dir='ltr'><strong>Solem</strong></span> <span class='ocrx_word' id='word_1_149' title='bbox 1169 1525 1280 1588; x_wconf 86' lang='lat' dir='ltr'><strong>extulit</strong></span> <span class='ocrx_word' id='word_1_150' title='bbox 1295 1530 1328 1585; x_wconf 92' lang='lat' dir='ltr'><strong>et</strong></span> <span class='ocrx_word' id='word_1_151' title='bbox 1343 1521 1393 1604; x_wconf 93' lang='lat' dir='ltr'><strong>qui</strong></span> 
     </span>
     <span class='ocr_line' id='line_1_15' title="bbox 73 1611 1391 1698; baseline 0.001 -24"><span class='ocrx_word' id='word_1_152' title='bbox 73 1611 173 1692; x_wconf 79' lang='lat' dir='ltr'><strong>priorum</strong></span> <span class='ocrx_word' id='word_1_153' title='bbox 189 1615 323 1676; x_wconf 92' lang='lat' dir='ltr'><strong>omnium</strong></span> <span class='ocrx_word' id='word_1_154' title='bbox 338 1614 438 1678; x_wconf 90' lang='lat' dir='ltr'><strong>lucere</strong></span> <span class='ocrx_word' id='word_1_155' title='bbox 453 1616 550 1679; x_wconf 91' lang='lat' dir='ltr'><strong>lucem</strong></span> <span class='ocrx_word' id='word_1_156' title='bbox 560 1615 669 1697; x_wconf 76' lang='lat' dir='ltr'><strong>jussit:</strong></span> <span class='ocrx_word' id='word_1_157' title='bbox 689 1623 910 1698; x_wconf 74' lang='lat' dir='ltr'><strong>proptereaque</strong></span> <span class='ocrx_word' id='word_1_158' title='bbox 927 1622 1084 1686; x_wconf 89' lang='lat' dir='ltr'><strong>creaturae</strong></span> <span class='ocrx_word' id='word_1_159' title='bbox 1101 1614 1220 1698; x_wconf 91' lang='lat' dir='ltr'><strong>quidem</strong></span> <span class='ocrx_word' id='word_1_160' title='bbox 1234 1613 1310 1676; x_wconf 89' lang='lat' dir='ltr'><strong>loeis</strong></span> <span class='ocrx_word' id='word_1_161' title='bbox 1327 1612 1391 1675; x_wconf 89' lang='lat' dir='ltr'><strong>dis-</strong></span> 
     </span>
     <span class='ocr_line' id='line_1_16' title="bbox 63 1703 1392 1787; baseline 0.002 -25"><span class='ocrx_word' id='word_1_162' title='bbox 63 1709 244 1782; x_wconf 85' lang='lat' dir='ltr'><strong>separantur,</strong></span> <span class='ocrx_word' id='word_1_163' title='bbox 266 1703 395 1780; x_wconf 91' lang='lat' dir='ltr'><strong>isvero,</strong></span> <span class='ocrx_word' id='word_1_164' title='bbox 417 1705 448 1768; x_wconf 94' lang='lat' dir='ltr'><strong>in</strong></span> <span class='ocrx_word' id='word_1_165' title='bbox 464 1725 522 1787; x_wconf 94' lang='lat' dir='ltr'><strong>quo</strong></span> <span class='ocrx_word' id='word_1_166' title='bbox 538 1713 610 1768; x_wconf 90' lang='lat' dir='ltr'><strong>sunt</strong></span> <span class='ocrx_word' id='word_1_167' title='bbox 625 1705 738 1780; x_wconf 89' lang='lat' dir='ltr'><strong>omnia,</strong></span> <span class='ocrx_word' id='word_1_168' title='bbox 752 1706 818 1787; x_wconf 91' lang='lat' dir='ltr'><strong>ipse</strong></span> <span class='ocrx_word' id='word_1_169' title='bbox 835 1727 854 1768; x_wconf 90' lang='lat' dir='ltr'><strong>a</strong></span> <span class='ocrx_word' id='word_1_170' title='bbox 869 1724 901 1768; x_wconf 90' lang='lat' dir='ltr'><strong>se</strong></span> <span class='ocrx_word' id='word_1_171' title='bbox 917 1705 983 1787; x_wconf 89' lang='lat' dir='ltr'><strong>ipso</strong></span> <span class='ocrx_word' id='word_1_172' title='bbox 1001 1704 1105 1780; x_wconf 89' lang='lat' dir='ltr'><strong>distat,</strong></span> <span class='ocrx_word' id='word_1_173' title='bbox 1121 1723 1291 1787; x_wconf 89' lang='lat' dir='ltr'><strong>quanquam</strong></span> <span class='ocrx_word' id='word_1_174' title='bbox 1307 1710 1392 1765; x_wconf 91' lang='lat' dir='ltr'><strong>totus</strong></span> 
     </span>
    </p>
   </div>
   <div class='ocr_carea' id='block_1_3' title="bbox 75 1790 1484 1877">
    <p class='ocr_par' dir='ltr' id='par_1_3' title="bbox 75 1790 1484 1877">
     <span class='ocr_line' id='line_1_17' title="bbox 75 1790 1484 1877; baseline 0.004 -25"><span class='ocrx_word' id='word_1_175' title='bbox 75 1809 113 1852; x_wconf 90' lang='lat' dir='ltr'><strong>nou</strong></span> <span class='ocrx_word' id='word_1_176' title='bbox 123 1790 212 1873; x_wconf 90' lang='lat' dir='ltr'><strong>longe</strong></span> <span class='ocrx_word' id='word_1_177' title='bbox 228 1792 312 1856; x_wconf 87' lang='lat' dir='ltr'><strong>absit</strong></span> <span class='ocrx_word' id='word_1_178' title='bbox 327 1794 366 1856; x_wconf 90' lang='lat' dir='ltr'><strong>ab</strong></span> <span class='ocrx_word' id='word_1_179' title='bbox 383 1813 484 1859; x_wconf 89' lang='lat' dir='ltr'><strong>eorum</strong></span> <span class='ocrx_word' id='word_1_180' title='bbox 499 1794 633 1875; x_wconf 90' lang='lat' dir='ltr'><strong>singulis.</strong></span> <span class='ocrx_word' id='word_1_181' title='bbox 657 1794 734 1858; x_wconf 86' lang='lat' dir='ltr'><strong>Sola</strong></span> <span class='ocrx_word' id='word_1_182' title='bbox 748 1815 778 1857; x_wconf 90' lang='lat' dir='ltr'><strong>n.</strong></span> <span class='ocrx_word' id='word_1_183' title='bbox 787 1794 940 1870; x_wconf 89' lang='lat' dir='ltr'><strong>divinitas,</strong></span> <span class='ocrx_word' id='word_1_184' title='bbox 955 1794 1064 1877; x_wconf 91' lang='lat' dir='ltr'><strong>quippe</strong></span> <span class='ocrx_word' id='word_1_185' title='bbox 1079 1814 1140 1857; x_wconf 93' lang='lat' dir='ltr'><strong>non</strong></span> <span class='ocrx_word' id='word_1_186' title='bbox 1156 1791 1392 1873; x_wconf 82' lang='lat' dir='ltr'><strong>circumscripta,</strong></span> <span class='ocrx_word' id='word_1_187' title='bbox 1482 1811 1484 1817; x_wconf 83' lang='grc'><strong>’</strong></span> 
     </span>
    </p>
   </div>
   <div class='ocr_carea' id='block_1_4' title="bbox 1 1876 1446 2862">
    <p class='ocr_par' dir='ltr' id='par_1_4' title="bbox 1 1876 1446 2862">
     <span class='ocr_line' id='line_1_18' title="bbox 74 1876 1393 1966; baseline 0.002 -25"><span class='ocrx_word' id='word_1_188' title='bbox 74 1879 118 1942; x_wconf 85' lang='lat' dir='ltr'><strong>loco</strong></span> <span class='ocrx_word' id='word_1_189' title='bbox 130 1901 189 1944; x_wconf 92' lang='lat' dir='ltr'><strong>non</strong></span> <span class='ocrx_word' id='word_1_190' title='bbox 205 1889 255 1944; x_wconf 93' lang='lat' dir='ltr'><strong>est</strong></span> <span class='ocrx_word' id='word_1_191' title='bbox 278 1882 409 1946; x_wconf 85' lang='lat' dir='ltr'><strong>obnoxia</strong></span> <span class='ocrx_word' id='word_1_192' title='bbox 432 1878 656 1966; x_wconf 90' lang='lat' dir='ltr'><strong>(Theodoretus</strong></span> <span class='ocrx_word' id='word_1_193' title='bbox 673 1903 700 1966; x_wconf 92' lang='lat' dir='ltr'><strong>q.</strong></span> <span class='ocrx_word' id='word_1_194' title='bbox 716 1878 762 1965; x_wconf 83' lang='lat'><strong>3).</strong></span> <span class='ocrx_word' id='word_1_195' title='bbox 792 1885 867 1947; x_wconf 88' lang='lat' dir='ltr'><strong>Tale</strong></span> <span class='ocrx_word' id='word_1_196' title='bbox 890 1883 1001 1966; x_wconf 88' lang='lat' dir='ltr'><strong>quidsi</strong></span> <span class='ocrx_word' id='word_1_197' title='bbox 1018 1883 1111 1946; x_wconf 88' lang='lat' dir='ltr'><strong>etiam</strong></span> <span class='ocrx_word' id='word_1_198' title='bbox 1133 1884 1170 1946; x_wconf 91' lang='lat' dir='ltr'><strong>de</strong></span> <span class='ocrx_word' id='word_1_199' title='bbox 1186 1882 1300 1963; x_wconf 91' lang='lat' dir='ltr'><strong>origine</strong></span> <span class='ocrx_word' id='word_1_200' title='bbox 1320 1876 1393 1944; x_wconf 87' lang='lat' dir='ltr'><strong>mali</strong></span> 
     </span>
     <span class='ocr_line' id='line_1_19' title="bbox 75 1969 1393 2056; baseline 0.001 -25"><span class='ocrx_word' id='word_1_201' title='bbox 75 1969 147 2033; x_wconf 84' lang='lat' dir='ltr'><strong>disere</strong></span> <span class='ocrx_word' id='word_1_202' title='bbox 162 1971 279 2047; x_wconf 86' lang='lat' dir='ltr'><strong>liceret,</strong></span> <span class='ocrx_word' id='word_1_203' title='bbox 295 1972 397 2036; x_wconf 89' lang='lat' dir='ltr'><strong>multis</strong></span> <span class='ocrx_word' id='word_1_204' title='bbox 413 1994 433 2035; x_wconf 90' lang='lat' dir='ltr'><strong>a</strong></span> <span class='ocrx_word' id='word_1_205' title='bbox 448 1972 675 2043; x_wconf 84' lang='lat' dir='ltr'><strong>difficultatibus</strong></span> <span class='ocrx_word' id='word_1_206' title='bbox 692 1973 906 2055; x_wconf 83' lang='lat' dir='ltr'><strong>expedirentur</strong></span> <span class='ocrx_word' id='word_1_207' title='bbox 926 1972 1133 2056; x_wconf 72' lang='lat' dir='ltr'><strong>disputatores</strong></span> <span class='ocrx_word' id='word_1_208' title='bbox 1153 1971 1303 2053; x_wconf 82' lang='lat' dir='ltr'><strong>theologi:</strong></span> <span class='ocrx_word' id='word_1_209' title='bbox 1328 1969 1393 2033; x_wconf 88' lang='lat' dir='ltr'><strong>sive</strong></span> 
     </span>
     <span class='ocr_line' id='line_1_20' title="bbox 74 2059 1391 2144; baseline 0.001 -23"><span class='ocrx_word' id='word_1_210' title='bbox 74 2077 119 2120; x_wconf 85' lang='lat' dir='ltr'><strong>uu</strong></span> <span class='ocrx_word' id='word_1_211' title='bbox 130 2061 194 2141; x_wconf 92' lang='lat' dir='ltr'><strong>ipso</strong></span> <span class='ocrx_word' id='word_1_212' title='bbox 209 2062 357 2143; x_wconf 86' lang='lat' dir='ltr'><strong>temporis</strong></span> <span class='ocrx_word' id='word_1_213' title='bbox 372 2062 518 2144; x_wconf 90' lang='lat' dir='ltr'><strong>principio</strong></span> <span class='ocrx_word' id='word_1_214' title='bbox 535 2063 691 2144; x_wconf 89' lang='lat' dir='ltr'><strong>coeperint</strong></span> <span class='ocrx_word' id='word_1_215' title='bbox 705 2062 878 2144; x_wconf 76' lang='lat' dir='ltr'><strong>spirituales</strong></span> <span class='ocrx_word' id='word_1_216' title='bbox 894 2063 1056 2138; x_wconf 89' lang='lat' dir='ltr'><strong>esseutiae,</strong></span> <span class='ocrx_word' id='word_1_217' title='bbox 1077 2063 1141 2126; x_wconf 93' lang='lat' dir='ltr'><strong>sive</strong></span> <span class='ocrx_word' id='word_1_218' title='bbox 1157 2062 1216 2133; x_wconf 89' lang='lat' dir='ltr'><strong>alio</strong></span> <span class='ocrx_word' id='word_1_219' title='bbox 1232 2059 1391 2143; x_wconf 90' lang='lat' dir='ltr'><strong>producti·</strong></span> 
     </span>
     <span class='ocr_line' id='line_1_21' title="bbox 74 2146 1392 2236; baseline 0.003 -27"><span class='ocrx_word' id='word_1_220' title='bbox 74 2146 119 2210; x_wconf 89' lang='lat' dir='ltr'><strong>onis</strong></span> <span class='ocrx_word' id='word_1_221' title='bbox 131 2168 241 2230; x_wconf 79' lang='lat' dir='ltr'><strong>genere</strong></span> <span class='ocrx_word' id='word_1_222' title='bbox 257 2158 357 2214; x_wconf 86' lang='lat' dir='ltr'><strong>ortum</strong></span> <span class='ocrx_word' id='word_1_223' title='bbox 371 2152 508 2215; x_wconf 86' lang='lat' dir='ltr'><strong>habeant</strong></span> <span class='ocrx_word' id='word_1_224' title='bbox 522 2172 562 2216; x_wconf 85' lang='lat' dir='ltr'><strong>ex</strong></span> <span class='ocrx_word' id='word_1_225' title='bbox 574 2152 652 2228; x_wconf 89' lang='lat' dir='ltr'><strong>Deo,</strong></span> <span class='ocrx_word' id='word_1_226' title='bbox 667 2172 761 2234; x_wconf 89' lang='lat' dir='ltr'><strong>penes</strong></span> <span class='ocrx_word' id='word_1_227' title='bbox 777 2171 866 2235; x_wconf 91' lang='lat' dir='ltr'><strong>quem</strong></span> <span class='ocrx_word' id='word_1_228' title='bbox 880 2151 966 2216; x_wconf 91' lang='lat' dir='ltr'><strong>ideae</strong></span> <span class='ocrx_word' id='word_1_229' title='bbox 981 2169 1091 2228; x_wconf 85' lang='lat' dir='ltr'><strong>rerum,</strong></span> <span class='ocrx_word' id='word_1_230' title='bbox 1112 2151 1318 2236; x_wconf 71' lang='lat' dir='ltr'><strong>quantitatum</strong></span> <span class='ocrx_word' id='word_1_231' title='bbox 1332 2149 1392 2213; x_wconf 90' lang='lat' dir='ltr'><strong>im·</strong></span> 
     </span>
     <span class='ocr_line' id='line_1_22' title="bbox 74 2237 931 2319; baseline 0.006 -18"><span class='ocrx_word' id='word_1_232' title='bbox 74 2237 151 2316; x_wconf 80' lang='lat' dir='ltr'><strong>pnmis</strong></span> <span class='ocrx_word' id='word_1_233' title='bbox 166 2248 199 2302; x_wconf 93' lang='lat' dir='ltr'><strong>et</strong></span> <span class='ocrx_word' id='word_1_234' title='bbox 213 2241 329 2305; x_wconf 87' lang='lat' dir='ltr'><strong>entium</strong></span> <span class='ocrx_word' id='word_1_235' title='bbox 343 2243 528 2319; x_wconf 82' lang='lat' dir='ltr'><strong>mentalium,</strong></span> <span class='ocrx_word' id='word_1_236' title='bbox 543 2251 690 2305; x_wconf 90' lang='lat' dir='ltr'><strong>aeternae</strong></span> <span class='ocrx_word' id='word_1_237' title='bbox 704 2250 783 2305; x_wconf 86' lang='lat' dir='ltr'><strong>sunt</strong></span> <span class='ocrx_word' id='word_1_238' title='bbox 822 2304 824 2311; x_wconf 84' lang='grc'><em>,</em></span> <span class='ocrx_word' id='word_1_239' title='bbox 929 2291 931 2295; x_wconf 68' lang='lat'><strong>,</strong></span> 
     </span>
     <span class='ocr_line' id='line_1_23' title="bbox 134 2328 1446 2414; baseline 0 -23"><span class='ocrx_word' id='word_1_240' title='bbox 134 2328 284 2392; x_wconf 89' lang='lat' dir='ltr'><strong>Delinivit</strong></span> <span class='ocrx_word' id='word_1_241' title='bbox 298 2350 346 2394; x_wconf 92' lang='lat' dir='ltr'><strong>me</strong></span> <span class='ocrx_word' id='word_1_242' title='bbox 361 2332 471 2412; x_wconf 89' lang='lat' dir='ltr'><strong>gaudio</strong></span> <span class='ocrx_word' id='word_1_243' title='bbox 487 2332 648 2414; x_wconf 80' lang='lat' dir='ltr'><strong>praecipuo</strong></span> <span class='ocrx_word' id='word_1_244' title='bbox 665 2331 821 2411; x_wconf 76' lang='lat' dir='ltr'><strong>Salienus,</strong></span> <span class='ocrx_word' id='word_1_245' title='bbox 842 2331 911 2394; x_wconf 93' lang='lat' dir='ltr'><strong>dum</strong></span> <span class='ocrx_word' id='word_1_246' title='bbox 928 2331 964 2394; x_wconf 91' lang='lat' dir='ltr'><strong>de</strong></span> <span class='ocrx_word' id='word_1_247' title='bbox 979 2330 1082 2394; x_wconf 90' lang='lat' dir='ltr'><strong>mundi</strong></span> <span class='ocrx_word' id='word_1_248' title='bbox 1107 2331 1253 2413; x_wconf 87' lang='lat' dir='ltr'><strong>temporis</strong></span> <span class='ocrx_word' id='word_1_249' title='bbox 1268 2336 1392 2392; x_wconf 90' lang='lat' dir='ltr'><strong>auctore</strong></span> <span class='ocrx_word' id='word_1_250' title='bbox 1443 2339 1446 2345; x_wconf 86' lang='grc'><em>’</em></span> 
     </span>
     <span class='ocr_line' id='line_1_24' title="bbox 30 2414 1394 2508; baseline 0.002 -30"><span class='ocrx_word' id='word_1_251' title='bbox 30 2433 35 2508; x_wconf 60' lang='lat' dir='ltr'>ss</span> <span class='ocrx_word' id='word_1_252' title='bbox 73 2414 182 2481; x_wconf 87' lang='lat' dir='ltr'><strong>dicturus</strong></span> <span class='ocrx_word' id='word_1_253' title='bbox 198 2419 231 2483; x_wconf 89' lang='lat' dir='ltr'><strong>S.</strong></span> <span class='ocrx_word' id='word_1_254' title='bbox 246 2420 396 2484; x_wconf 90' lang='lat' dir='ltr'><strong>Johaunis</strong></span> <span class='ocrx_word' id='word_1_255' title='bbox 410 2421 609 2503; x_wconf 81' lang='lat' dir='ltr'><strong>Evangelium</strong></span> <span class='ocrx_word' id='word_1_256' title='bbox 631 2429 768 2496; x_wconf 88' lang='lat' dir='ltr'><strong>enarrat;</strong></span> <span class='ocrx_word' id='word_1_257' title='bbox 793 2440 832 2484; x_wconf 83' lang='lat' dir='ltr'><strong>ex</strong></span> <span class='ocrx_word' id='word_1_258' title='bbox 847 2440 883 2483; x_wconf 92' lang='lat' dir='ltr'><strong>eo</strong></span> <span class='ocrx_word' id='word_1_259' title='bbox 899 2439 1006 2502; x_wconf 89' lang='lat' dir='ltr'><strong>nempe</strong></span> <span class='ocrx_word' id='word_1_260' title='bbox 1027 2420 1057 2483; x_wconf 94' lang='lat' dir='ltr'><strong>iu</strong></span> <span class='ocrx_word' id='word_1_261' title='bbox 1079 2419 1159 2486; x_wconf 90' lang='lat' dir='ltr'><strong>haue</strong></span> <span class='ocrx_word' id='word_1_262' title='bbox 1175 2418 1394 2500; x_wconf 83' lang='lat' dir='ltr'><strong>cogitationem</strong></span> 
     </span>
     <span class='ocr_line' id='line_1_25' title="bbox 30 2508 1393 2597; baseline 0.004 -31"><span class='ocrx_word' id='word_1_263' title='bbox 30 2539 36 2589; x_wconf 80' lang='lat'><strong>:</strong></span> <span class='ocrx_word' id='word_1_264' title='bbox 73 2508 135 2582; x_wconf 86' lang='lat' dir='ltr'><strong>veni,</strong></span> <span class='ocrx_word' id='word_1_265' title='bbox 159 2509 342 2572; x_wconf 89' lang='lat' dir='ltr'><strong>Johaunem</strong></span> <span class='ocrx_word' id='word_1_266' title='bbox 356 2510 599 2597; x_wconf 80' lang='lat' dir='ltr'><strong>Evangelistam,</strong></span> <span class='ocrx_word' id='word_1_267' title='bbox 630 2511 700 2574; x_wconf 91' lang='lat' dir='ltr'><strong>dum</strong></span> <span class='ocrx_word' id='word_1_268' title='bbox 729 2510 951 2574; x_wconf 87' lang='lat' dir='ltr'><strong>aeternitatem</strong></span> <span class='ocrx_word' id='word_1_269' title='bbox 972 2510 1025 2573; x_wconf 84' lang='lat' dir='ltr'><strong>filii</strong></span> <span class='ocrx_word' id='word_1_270' title='bbox 1048 2508 1109 2572; x_wconf 91' lang='lat' dir='ltr'><strong>Dei</strong></span> <span class='ocrx_word' id='word_1_271' title='bbox 1139 2517 1295 2591; x_wconf 89' lang='lat' dir='ltr'><strong>ortumque</strong></span> <span class='ocrx_word' id='word_1_272' title='bbox 1327 2508 1393 2589; x_wconf 88' lang='lat' dir='ltr'><strong>ejus</strong></span> 
     </span>
     <span class='ocr_line' id='line_1_26' title="bbox 1 2594 1398 2673; baseline 0.004 -16"><span class='ocrx_word' id='word_1_273' title='bbox 1 2601 3 2618; x_wconf 73' lang='lat'>²</span> <span class='ocrx_word' id='word_1_274' title='bbox 72 2594 180 2664; x_wconf 86' lang='lat' dir='ltr'><strong>divinum</strong></span> <span class='ocrx_word' id='word_1_275' title='bbox 194 2599 336 2673; x_wconf 88' lang='lat' dir='ltr'><strong>adstruit,</strong></span> <span class='ocrx_word' id='word_1_276' title='bbox 352 2601 444 2663; x_wconf 90' lang='lat' dir='ltr'><strong>etiam</strong></span> <span class='ocrx_word' id='word_1_277' title='bbox 454 2599 700 2664; x_wconf 91' lang='lat' dir='ltr'><strong>commentarium</strong></span> <span class='ocrx_word' id='word_1_278' title='bbox 714 2600 802 2664; x_wconf 91' lang='lat' dir='ltr'><strong>nobis</strong></span> <span class='ocrx_word' id='word_1_279' title='bbox 816 2599 905 2663; x_wconf 91' lang='lat' dir='ltr'><strong>edere</strong></span> <span class='ocrx_word' id='word_1_280' title='bbox 919 2599 1066 2663; x_wconf 87' lang='lat' dir='ltr'><strong>historiae</strong></span> <span class='ocrx_word' id='word_1_281' title='bbox 1075 2597 1232 2662; x_wconf 86' lang='lat' dir='ltr'><strong>Moesicae</strong></span> <span class='ocrx_word' id='word_1_282' title='bbox 1248 2598 1286 2660; x_wconf 91' lang='lat' dir='ltr'><strong>de</strong></span> <span class='ocrx_word' id='word_1_283' title='bbox 1302 2616 1398 2662; x_wconf 55' lang='lat' dir='ltr'><strong>crea-⁴</strong></span> 
     </span>
     <span class='ocr_line' id='line_1_27' title="bbox 1 2685 1391 2775; baseline 0.001 -28"><span class='ocrx_word' id='word_1_284' title='bbox 1 2763 6 2775; x_wconf 13' lang='grc' dir='ltr'>ἡ</span> <span class='ocrx_word' id='word_1_285' title='bbox 73 2685 146 2762; x_wconf 79' lang='lat' dir='ltr'><strong>ioue,</strong></span> <span class='ocrx_word' id='word_1_286' title='bbox 168 2695 201 2750; x_wconf 88' lang='lat' dir='ltr'><strong>et</strong></span> <span class='ocrx_word' id='word_1_287' title='bbox 219 2689 379 2752; x_wconf 86' lang='lat' dir='ltr'><strong>cahbalam</strong></span> <span class='ocrx_word' id='word_1_288' title='bbox 394 2691 545 2772; x_wconf 87' lang='lat' dir='ltr'><strong>quandam</strong></span> <span class='ocrx_word' id='word_1_289' title='bbox 568 2699 787 2772; x_wconf 89' lang='lat' dir='ltr'><strong>praegnantem</strong></span> <span class='ocrx_word' id='word_1_290' title='bbox 806 2688 961 2770; x_wconf 83' lang='lat' dir='ltr'><strong>mysteriis</strong></span> <span class='ocrx_word' id='word_1_291' title='bbox 980 2688 1161 2753; x_wconf 82' lang='lat' dir='ltr'><strong>venerandis</strong></span> <span class='ocrx_word' id='word_1_292' title='bbox 1177 2707 1216 2752; x_wconf 86' lang='lat' dir='ltr'><strong>ex</strong></span> <span class='ocrx_word' id='word_1_293' title='bbox 1231 2685 1391 2767; x_wconf 85' lang='lat' dir='ltr'><strong>disciplina</strong></span> 
     </span>
     <span class='ocr_line' id='line_1_28' title="bbox 28 2775 1083 2862; baseline 0.003 -24"><span class='ocrx_word' id='word_1_294' title='bbox 28 2805 29 2808; x_wconf 79' lang='lat'>¹</span> <span class='ocrx_word' id='word_1_295' title='bbox 71 2775 149 2854; x_wconf 77' lang='lat' dir='ltr'><strong>gentis</strong></span> <span class='ocrx_word' id='word_1_296' title='bbox 162 2778 183 2841; x_wconf 91' lang='lat' dir='ltr'>J</span> <span class='ocrx_word' id='word_1_297' title='bbox 184 2777 311 2840; x_wconf 89' lang='lat' dir='ltr'><strong>udaicae</strong></span> <span class='ocrx_word' id='word_1_298' title='bbox 326 2780 366 2841; x_wconf 83' lang='lat' dir='ltr'><strong>ad</strong></span> <span class='ocrx_word' id='word_1_299' title='bbox 381 2780 616 2843; x_wconf 87' lang='lat' dir='ltr'><strong>convincendam</strong></span> <span class='ocrx_word' id='word_1_300' title='bbox 631 2780 710 2843; x_wconf 91' lang='lat' dir='ltr'><strong>illius</strong></span> <span class='ocrx_word' id='word_1_301' title='bbox 725 2778 924 2862; x_wconf 86' lang='lat' dir='ltr'><strong>pertinaciam</strong></span> <span class='ocrx_word' id='word_1_302' title='bbox 938 2778 1083 2860; x_wconf 86' lang='lat' dir='ltr'><strong>proferre.</strong></span> 
     </span>
    </p>
   </div>
   <div class='ocr_carea' id='block_1_5' title="bbox 138 2864 1505 2952">
    <p class='ocr_par' dir='ltr' id='par_1_5' title="bbox 138 2864 1505 2952">
     <span class='ocr_line' id='line_1_29' title="bbox 138 2864 1505 2952; baseline -0.004 -22"><span class='ocrx_word' id='word_1_303' title='bbox 138 2865 414 2932; x_wconf 87' lang='lat' dir='ltr'><strong>Commentatorem</strong></span> <span class='ocrx_word' id='word_1_304' title='bbox 438 2888 588 2952; x_wconf 89' lang='lat' dir='ltr'><strong>agnoscas</strong></span> <span class='ocrx_word' id='word_1_305' title='bbox 611 2889 649 2932; x_wconf 85' lang='lat' dir='ltr'><strong>ex</strong></span> <span class='ocrx_word' id='word_1_306' title='bbox 669 2866 865 2951; x_wconf 86' lang='lat' dir='ltr'><strong>usurpatione</strong></span> <span class='ocrx_word' id='word_1_307' title='bbox 887 2868 976 2950; x_wconf 89' lang='lat' dir='ltr'><strong>primi</strong></span> <span class='ocrx_word' id='word_1_308' title='bbox 997 2868 1082 2932; x_wconf 89' lang='lat' dir='ltr'><strong>verbi</strong></span> <span class='ocrx_word' id='word_1_309' title='bbox 1097 2865 1241 2941; x_wconf 89' lang='lat' dir='ltr'><strong>Mosaici,</strong></span> <span class='ocrx_word' id='word_1_310' title='bbox 1263 2864 1344 2946; x_wconf 93' lang='lat' dir='ltr'><strong>quod</strong></span> <span class='ocrx_word' id='word_1_311' title='bbox 1359 2869 1392 2926; x_wconf 91' lang='lat' dir='ltr'><strong>et</strong></span> <span class='ocrx_word' id='word_1_312' title='bbox 1502 2877 1505 2892; x_wconf 73' lang='lat'><strong><em>‘</em></strong></span> 
     </span>
    </p>
   </div>
   <div class='ocr_carea' id='block_1_6' title="bbox 35 2948 1391 3131">
    <p class='ocr_par' dir='ltr' id='par_1_6' title="bbox 35 2948 1391 3131">
     <span class='ocr_line' id='line_1_30' title="bbox 70 2948 1391 3110; baseline -0.002 -92"><span class='ocrx_word' id='word_1_313' title='bbox 70 2948 202 3110; x_wconf 71' lang='lat' dir='ltr'><strong>Johanqes</strong></span> <span class='ocrx_word' id='word_1_314' title='bbox 217 2958 346 3110; x_wconf 42' lang='lat' dir='ltr'><strong>prisii?</strong></span> <span class='ocrx_word' id='word_1_315' title='bbox 359 2959 446 3040; x_wconf 93' lang='lat' dir='ltr'><strong>ponit</strong></span> <span class='ocrx_word' id='word_1_316' title='bbox 460 2959 491 3023; x_wconf 92' lang='lat' dir='ltr'><strong>iu</strong></span> <span class='ocrx_word' id='word_1_317' title='bbox 507 2979 560 3023; x_wconf 88' lang='lat' dir='ltr'><strong>suo</strong></span> <span class='ocrx_word' id='word_1_318' title='bbox 569 2958 753 3043; x_wconf 82' lang='lat' dir='ltr'><strong>Evangelio:</strong></span> <span class='ocrx_word' id='word_1_319' title='bbox 773 2959 823 3037; x_wconf 91' lang='lat' dir='ltr'><strong>,in</strong></span> <span class='ocrx_word' id='word_1_320' title='bbox 837 2956 1016 3039; x_wconf 88' lang='lat' dir='ltr'><strong>principio“.</strong></span> <span class='ocrx_word' id='word_1_321' title='bbox 1047 2955 1187 3022; x_wconf 80' lang='lat' dir='ltr'><strong>Gabbala</strong></span> <span class='ocrx_word' id='word_1_322' title='bbox 1200 2973 1273 3019; x_wconf 88' lang='lat' dir='ltr'><strong>vero</strong></span> <span class='ocrx_word' id='word_1_323' title='bbox 1290 2954 1391 3017; x_wconf 90' lang='lat' dir='ltr'><strong>elucet</strong></span> 
     </span>
     <span class='ocr_line' id='line_1_31' title="bbox 35 3056 356 3131; baseline 0.022 -25"><span class='ocrx_word' id='word_1_324' title='bbox 35 3056 356 3131; x_wconf 39' lang='grc' dir='ltr'><strong>Ἰευποτηῃα</strong></span> 
     </span>
    </p>
   </div>
   <div class='ocr_carea' id='block_1_7' title="bbox 25 3159 1392 3240">
    <p class='ocr_par' dir='ltr' id='par_1_7' title="bbox 25 3159 1392 3240">
     <span class='ocr_line' id='line_1_32' title="bbox 25 3159 1392 3240; baseline -0.004 -18"><span class='ocrx_word' id='word_1_325' title='bbox 25 3159 26 3177; x_wconf 71' lang='lat'>³</span> <span class='ocrx_word' id='word_1_326' title='bbox 119 3169 182 3222; x_wconf 79' lang='lat' dir='ltr'><strong>llius</strong></span> <span class='ocrx_word' id='word_1_327' title='bbox 193 3173 286 3223; x_wconf 66' lang='lat' dir='ltr'><strong>munit</strong></span> <span class='ocrx_word' id='word_1_328' title='bbox 296 3172 422 3240; x_wconf 85' lang='lat' dir='ltr'><strong>Ksplsrus</strong></span> <span class='ocrx_word' id='word_1_329' title='bbox 435 3174 469 3225; x_wconf 85' lang='lat' dir='ltr'><strong>ad</strong></span> <span class='ocrx_word' id='word_1_330' title='bbox 479 3173 662 3238; x_wconf 81' lang='lat' dir='ltr'><strong>inquisitionem</strong></span> <span class='ocrx_word' id='word_1_331' title='bbox 671 3171 847 3238; x_wconf 70' lang='lat' dir='ltr'><strong>philologiam</strong></span> <span class='ocrx_word' id='word_1_332' title='bbox 863 3170 895 3222; x_wconf 91' lang='lat' dir='ltr'><strong>ds</strong></span> <span class='ocrx_word' id='word_1_333' title='bbox 906 3170 954 3222; x_wconf 87' lang='lat' dir='ltr'><strong>hoo</strong></span> <span class='ocrx_word' id='word_1_334' title='bbox 969 3171 1044 3221; x_wconf 86' lang='lat' dir='ltr'><strong>rsrho</strong></span> <span class='ocrx_word' id='word_1_335' title='bbox 1056 3171 1159 3235; x_wconf 74' lang='lat' dir='ltr'><strong>sluaqus</strong></span> <span class='ocrx_word' id='word_1_336' title='bbox 1176 3168 1295 3219; x_wconf 78' lang='lat' dir='ltr'><strong>derivatis</strong></span> <span class='ocrx_word' id='word_1_337' title='bbox 1310 3168 1392 3232; x_wconf 80' lang='lat' dir='ltr'><strong>adque</strong></span> 
     </span>
    </p>
   </div>
   <div class='ocr_carea' id='block_1_8' title="bbox 71 3237 1503 3305">
    <p class='ocr_par' dir='ltr' id='par_1_8' title="bbox 71 3237 1503 3305">
     <span class='ocr_line' id='line_1_33' title="bbox 71 3237 1503 3305; baseline 0 -14"><span class='ocrx_word' id='word_1_338' title='bbox 71 3237 141 3292; x_wconf 70' lang='lat' dir='ltr'><strong>tal</strong></span> <span class='ocrx_word' id='word_1_339' title='bbox 155 3243 186 3293; x_wconf 90' lang='lat' dir='ltr'><strong>ds</strong></span> <span class='ocrx_word' id='word_1_340' title='bbox 197 3237 215 3293; x_wconf 84' lang='grc' dir='ltr'><em>Ἰ</em></span> <span class='ocrx_word' id='word_1_341' title='bbox 227 3243 316 3295; x_wconf 84' lang='lat' dir='ltr'><strong>diebus</strong></span> <span class='ocrx_word' id='word_1_342' title='bbox 332 3247 479 3305; x_wconf 63' lang='lat' dir='ltr'><strong>amaena,</strong></span> <span class='ocrx_word' id='word_1_343' title='bbox 497 3244 601 3295; x_wconf 83' lang='lat' dir='ltr'><strong>altorum</strong></span> <span class='ocrx_word' id='word_1_344' title='bbox 618 3245 725 3296; x_wconf 81' lang='lat' dir='ltr'><strong>sh&#39;sseus</strong></span> <span class='ocrx_word' id='word_1_345' title='bbox 742 3243 853 3295; x_wconf 83' lang='lat' dir='ltr'><strong>diversas</strong></span> <span class='ocrx_word' id='word_1_346' title='bbox 872 3243 1018 3294; x_wconf 74' lang='lat' dir='ltr'><strong>uutsutlss.</strong></span> <span class='ocrx_word' id='word_1_347' title='bbox 1054 3240 1095 3291; x_wconf 87' lang='lat' dir='ltr'><strong>De</strong></span> <span class='ocrx_word' id='word_1_348' title='bbox 1111 3253 1172 3290; x_wconf 78' lang='lat' dir='ltr'><strong>vocs</strong></span> <span class='ocrx_word' id='word_1_349' title='bbox 1191 3237 1300 3301; x_wconf 82' lang='lat' dir='ltr'><strong>,chaos“</strong></span> <span class='ocrx_word' id='word_1_350' title='bbox 1317 3238 1393 3291; x_wconf 79' lang='lat' dir='ltr'><strong>affert</strong></span> <span class='ocrx_word' id='word_1_351' title='bbox 1502 3262 1503 3265; x_wconf 79' lang='lat'>¹</span> 
     </span>
    </p>
   </div>
   <div class='ocr_carea' id='block_1_9' title="bbox 69 3310 1207 3382">
    <p class='ocr_par' dir='ltr' id='par_1_9' title="bbox 69 3310 1207 3382">
     <span class='ocr_line' id='line_1_34' title="bbox 69 3310 1207 3382; baseline -0.003 -18"><span class='ocrx_word' id='word_1_352' title='bbox 69 3316 184 3365; x_wconf 67' lang='lat' dir='ltr'><strong>manua·</strong></span> <span class='ocrx_word' id='word_1_353' title='bbox 196 3312 223 3365; x_wconf 86' lang='lat' dir='ltr'><strong>S.</strong></span> <span class='ocrx_word' id='word_1_354' title='bbox 235 3317 371 3382; x_wconf 82' lang='lat' dir='ltr'><strong>Augustini</strong></span> <span class='ocrx_word' id='word_1_355' title='bbox 382 3324 409 3368; x_wconf 89' lang='lat' dir='ltr'><strong>st</strong></span> <span class='ocrx_word' id='word_1_356' title='bbox 419 3316 515 3377; x_wconf 83' lang='lat' dir='ltr'><strong>Basilii,</strong></span> <span class='ocrx_word' id='word_1_357' title='bbox 527 3316 676 3369; x_wconf 81' lang='lat' dir='ltr'><strong>Tertulliani</strong></span> <span class='ocrx_word' id='word_1_358' title='bbox 687 3313 731 3368; x_wconf 78' lang='lat' dir='ltr'><strong>dte</strong></span> <span class='ocrx_word' id='word_1_359' title='bbox 744 3321 847 3366; x_wconf 86' lang='lat' dir='ltr'><strong>secutus</strong></span> <span class='ocrx_word' id='word_1_360' title='bbox 859 3313 997 3373; x_wconf 74' lang='lat' dir='ltr'><strong>Sullanum,</strong></span> <span class='ocrx_word' id='word_1_361' title='bbox 1011 3310 1101 3364; x_wconf 85' lang='lat' dir='ltr'><strong>delude</strong></span> <span class='ocrx_word' id='word_1_362' title='bbox 1112 3311 1207 3377; x_wconf 79' lang='lat' dir='ltr'><strong>pergit:</strong></span> 
     </span>
    </p>
   </div>
   <div class='ocr_carea' id='block_1_10' title="bbox 2 3401 1458 4204">
    <p class='ocr_par' dir='ltr' id='par_1_10' title="bbox 27 3401 1458 3845">
     <span class='ocr_line' id='line_1_35' title="bbox 135 3401 1390 3488; baseline -0.003 -20"><span class='ocrx_word' id='word_1_363' title='bbox 135 3403 169 3468; x_wconf 88' lang='lat' dir='ltr'><strong>Si</strong></span> <span class='ocrx_word' id='word_1_364' title='bbox 184 3406 338 3487; x_wconf 91' lang='lat' dir='ltr'><strong>antiquior</strong></span> <span class='ocrx_word' id='word_1_365' title='bbox 354 3413 403 3469; x_wconf 90' lang='lat' dir='ltr'><strong>est</strong></span> <span class='ocrx_word' id='word_1_366' title='bbox 416 3406 546 3475; x_wconf 86' lang='lat' dir='ltr'><strong>materia</strong></span> <span class='ocrx_word' id='word_1_367' title='bbox 560 3406 628 3488; x_wconf 90' lang='lat' dir='ltr'><strong>ipsa</strong></span> <span class='ocrx_word' id='word_1_368' title='bbox 647 3413 802 3470; x_wconf 87' lang='lat' dir='ltr'><strong>structura</strong></span> <span class='ocrx_word' id='word_1_369' title='bbox 822 3404 940 3480; x_wconf 88' lang='lat' dir='ltr'><strong>mundi,</strong></span> <span class='ocrx_word' id='word_1_370' title='bbox 963 3403 1110 3486; x_wconf 89' lang='lat' dir='ltr'><strong>quomodo</strong></span> <span class='ocrx_word' id='word_1_371' title='bbox 1130 3403 1258 3465; x_wconf 90' lang='lat' dir='ltr'><strong>muudus</strong></span> <span class='ocrx_word' id='word_1_372' title='bbox 1277 3401 1390 3482; x_wconf 91' lang='lat' dir='ltr'><strong>inipso</strong></span> 
     </span>
     <span class='ocr_line' id='line_1_36' title="bbox 70 3490 1458 3574; baseline -0.002 -19"><span class='ocrx_word' id='word_1_373' title='bbox 70 3493 194 3574; x_wconf 72' lang='lat' dir='ltr'><strong>girdpio</strong></span> <span class='ocrx_word' id='word_1_374' title='bbox 217 3495 318 3559; x_wconf 86' lang='lat' dir='ltr'><strong>factus</strong></span> <span class='ocrx_word' id='word_1_375' title='bbox 340 3495 408 3558; x_wconf 87' lang='lat' dir='ltr'><strong>est?</strong></span> <span class='ocrx_word' id='word_1_376' title='bbox 437 3496 480 3560; x_wconf 83' lang='lat' dir='ltr'><strong>Et</strong></span> <span class='ocrx_word' id='word_1_377' title='bbox 502 3496 551 3559; x_wconf 90' lang='lat' dir='ltr'><strong>ubi</strong></span> <span class='ocrx_word' id='word_1_378' title='bbox 574 3496 648 3559; x_wconf 91' lang='lat' dir='ltr'><strong>dicit</strong></span> <span class='ocrx_word' id='word_1_379' title='bbox 667 3497 773 3559; x_wconf 89' lang='lat' dir='ltr'><strong>Moses</strong></span> <span class='ocrx_word' id='word_1_380' title='bbox 796 3495 895 3558; x_wconf 91' lang='lat' dir='ltr'><strong>omnia</strong></span> <span class='ocrx_word' id='word_1_381' title='bbox 918 3513 957 3556; x_wconf 84' lang='lat' dir='ltr'><strong>ex</strong></span> <span class='ocrx_word' id='word_1_382' title='bbox 976 3493 1069 3556; x_wconf 92' lang='lat' dir='ltr'><strong>nihilo</strong></span> <span class='ocrx_word' id='word_1_383' title='bbox 1092 3491 1195 3555; x_wconf 78' lang='lat' dir='ltr'><strong>facta?</strong></span> <span class='ocrx_word' id='word_1_384' title='bbox 1230 3492 1339 3555; x_wconf 90' lang='lat' dir='ltr'><strong>Nonne</strong></span> <span class='ocrx_word' id='word_1_385' title='bbox 1361 3490 1393 3553; x_wconf 93' lang='lat' dir='ltr'><strong>id</strong></span> <span class='ocrx_word' id='word_1_386' title='bbox 1456 3562 1458 3566; x_wconf 67' lang='lat'><strong>,</strong></span> 
     </span>
     <span class='ocr_line' id='line_1_37' title="bbox 28 3579 1410 3667; baseline -0.002 -22"><span class='ocrx_word' id='word_1_387' title='bbox 28 3597 29 3600; x_wconf 73' lang='grc'>’</span> <span class='ocrx_word' id='word_1_388' title='bbox 69 3583 126 3644; x_wconf 81' lang='lat' dir='ltr'><strong>satis</strong></span> <span class='ocrx_word' id='word_1_389' title='bbox 145 3585 226 3647; x_wconf 90' lang='lat' dir='ltr'><strong>ultro</strong></span> <span class='ocrx_word' id='word_1_390' title='bbox 248 3585 443 3666; x_wconf 89' lang='lat' dir='ltr'><strong>intelligitur,</strong></span> <span class='ocrx_word' id='word_1_391' title='bbox 468 3591 618 3667; x_wconf 91' lang='lat' dir='ltr'><strong>utcunque</strong></span> <span class='ocrx_word' id='word_1_392' title='bbox 643 3584 738 3648; x_wconf 90' lang='lat' dir='ltr'><strong>verba</strong></span> <span class='ocrx_word' id='word_1_393' title='bbox 762 3582 990 3666; x_wconf 89' lang='lat' dir='ltr'><strong>interpreteris,</strong></span> <span class='ocrx_word' id='word_1_394' title='bbox 1015 3600 1082 3645; x_wconf 90' lang='lat' dir='ltr'><strong>com</strong></span> <span class='ocrx_word' id='word_1_395' title='bbox 1105 3581 1137 3643; x_wconf 92' lang='lat' dir='ltr'><strong>id</strong></span> <span class='ocrx_word' id='word_1_396' title='bbox 1161 3599 1199 3644; x_wconf 91' lang='lat' dir='ltr'><strong>ne</strong></span> <span class='ocrx_word' id='word_1_397' title='bbox 1223 3579 1410 3644; x_wconf 84' lang='lat' dir='ltr'><strong>Hesiodum·</strong></span> 
     </span>
     <span class='ocr_line' id='line_1_38' title="bbox 68 3669 1393 3757; baseline -0.002 -22"><span class='ocrx_word' id='word_1_398' title='bbox 68 3671 167 3750; x_wconf 78' lang='lat' dir='ltr'><strong>quidem</strong></span> <span class='ocrx_word' id='word_1_399' title='bbox 187 3674 311 3756; x_wconf 92' lang='lat' dir='ltr'><strong>penitus</strong></span> <span class='ocrx_word' id='word_1_400' title='bbox 340 3674 483 3736; x_wconf 86' lang='lat' dir='ltr'><strong>latuerit?</strong></span> <span class='ocrx_word' id='word_1_401' title='bbox 520 3675 609 3738; x_wconf 86' lang='lat' dir='ltr'><strong>Adde</strong></span> <span class='ocrx_word' id='word_1_402' title='bbox 632 3674 713 3757; x_wconf 95' lang='lat' dir='ltr'><strong>quod</strong></span> <span class='ocrx_word' id='word_1_403' title='bbox 733 3673 764 3736; x_wconf 93' lang='lat' dir='ltr'><strong>in</strong></span> <span class='ocrx_word' id='word_1_404' title='bbox 789 3674 878 3738; x_wconf 91' lang='lat' dir='ltr'><strong>titulo</strong></span> <span class='ocrx_word' id='word_1_405' title='bbox 904 3672 981 3735; x_wconf 85' lang='lat' dir='ltr'><strong>satis</strong></span> <span class='ocrx_word' id='word_1_406' title='bbox 1004 3679 1053 3734; x_wconf 91' lang='lat' dir='ltr'><strong>est</strong></span> <span class='ocrx_word' id='word_1_407' title='bbox 1077 3688 1270 3751; x_wconf 87' lang='lat' dir='ltr'><strong>expressum,</strong></span> <span class='ocrx_word' id='word_1_408' title='bbox 1294 3669 1393 3734; x_wconf 90' lang='lat' dir='ltr'><strong>Deum</strong></span> 
     </span>
     <span class='ocr_line' id='line_1_39' title="bbox 27 3761 1326 3845; baseline -0.001 -23"><span class='ocrx_word' id='word_1_409' title='bbox 27 3795 28 3818; x_wconf 70' lang='lat'>1</span> <span class='ocrx_word' id='word_1_410' title='bbox 68 3777 169 3826; x_wconf 80' lang='lat' dir='ltr'><strong>oessse</strong></span> <span class='ocrx_word' id='word_1_411' title='bbox 184 3764 319 3839; x_wconf 87' lang='lat' dir='ltr'><strong>Terram,</strong></span> <span class='ocrx_word' id='word_1_412' title='bbox 334 3764 413 3845; x_wconf 92' lang='lat' dir='ltr'><strong>quod</strong></span> <span class='ocrx_word' id='word_1_413' title='bbox 429 3764 592 3826; x_wconf 90' lang='lat' dir='ltr'><strong>secuudum</strong></span> <span class='ocrx_word' id='word_1_414' title='bbox 605 3764 764 3827; x_wconf 89' lang='lat' dir='ltr'><strong>materiam</strong></span> <span class='ocrx_word' id='word_1_415' title='bbox 780 3771 814 3825; x_wconf 89' lang='lat' dir='ltr'><strong>et</strong></span> <span class='ocrx_word' id='word_1_416' title='bbox 828 3762 992 3826; x_wconf 90' lang='lat' dir='ltr'><strong>secundnm</strong></span> <span class='ocrx_word' id='word_1_417' title='bbox 1007 3761 1133 3825; x_wconf 80' lang='lat' dir='ltr'><strong>forman</strong></span> <span class='ocrx_word' id='word_1_418' title='bbox 1150 3766 1199 3822; x_wconf 88' lang='lat' dir='ltr'><strong>est</strong></span> <span class='ocrx_word' id='word_1_419' title='bbox 1213 3778 1326 3822; x_wconf 89' lang='lat' dir='ltr'><strong>verum.</strong></span> 
     </span>
    </p>

    <p class='ocr_par' dir='ltr' id='par_1_11' title="bbox 2 3848 1393 4204">
     <span class='ocr_line' id='line_1_40' title="bbox 136 3848 1392 3932; baseline -0.005 -16"><span class='ocrx_word' id='word_1_420' title='bbox 136 3850 304 3916; x_wconf 83' lang='lat' dir='ltr'><strong>Confirmat</strong></span> <span class='ocrx_word' id='word_1_421' title='bbox 318 3854 397 3916; x_wconf 91' lang='lat' dir='ltr'><strong>hunc</strong></span> <span class='ocrx_word' id='word_1_422' title='bbox 411 3852 598 3916; x_wconf 89' lang='lat' dir='ltr'><strong>intellectum</strong></span> <span class='ocrx_word' id='word_1_423' title='bbox 615 3859 647 3915; x_wconf 92' lang='lat' dir='ltr'><strong>et</strong></span> <span class='ocrx_word' id='word_1_424' title='bbox 663 3852 814 3916; x_wconf 85' lang='lat' dir='ltr'><strong>conclusio</strong></span> <span class='ocrx_word' id='word_1_425' title='bbox 837 3851 925 3932; x_wconf 90' lang='lat' dir='ltr'><strong>hujus</strong></span> <span class='ocrx_word' id='word_1_426' title='bbox 947 3849 1095 3915; x_wconf 89' lang='lat' dir='ltr'><strong>historiae</strong></span> <span class='ocrx_word' id='word_1_427' title='bbox 1118 3868 1183 3931; x_wconf 86' lang='lat' dir='ltr'><strong>cap.</strong></span> <span class='ocrx_word' id='word_1_428' title='bbox 1200 3851 1234 3911; x_wconf 85' lang='lat'><strong>2:</strong></span> <span class='ocrx_word' id='word_1_429' title='bbox 1264 3848 1313 3911; x_wconf 90' lang='lat' dir='ltr'><strong>hic</strong></span> <span class='ocrx_word' id='word_1_430' title='bbox 1334 3854 1392 3922; x_wconf 87' lang='lat' dir='ltr'><strong>est,</strong></span> 
     </span>
     <span class='ocr_line' id='line_1_41' title="bbox 67 3931 1391 4024; baseline -0.005 -20"><span class='ocrx_word' id='word_1_431' title='bbox 67 3936 144 4021; x_wconf 79' lang='lat' dir='ltr'><strong>nquit</strong></span> <span class='ocrx_word' id='word_1_432' title='bbox 159 3943 275 4017; x_wconf 84' lang='lat' dir='ltr'><strong>Moses,</strong></span> <span class='ocrx_word' id='word_1_433' title='bbox 291 3950 375 4005; x_wconf 89' lang='lat' dir='ltr'><strong>ortus</strong></span> <span class='ocrx_word' id='word_1_434' title='bbox 392 3941 478 4006; x_wconf 88' lang='lat' dir='ltr'><strong>Coeli</strong></span> <span class='ocrx_word' id='word_1_435' title='bbox 493 3949 526 4005; x_wconf 93' lang='lat' dir='ltr'><strong>et</strong></span> <span class='ocrx_word' id='word_1_436' title='bbox 539 3943 662 4018; x_wconf 80' lang='lat' dir='ltr'><strong>Terrae,</strong></span> <span class='ocrx_word' id='word_1_437' title='bbox 678 3942 797 4024; x_wconf 87' lang='lat' dir='ltr'><strong>quando</strong></span> <span class='ocrx_word' id='word_1_438' title='bbox 814 3949 919 4004; x_wconf 85' lang='lat' dir='ltr'><strong>ereata</strong></span> <span class='ocrx_word' id='word_1_439' title='bbox 935 3947 1015 4018; x_wconf 82' lang='lat' dir='ltr'><strong>sunt,</strong></span> <span class='ocrx_word' id='word_1_440' title='bbox 1034 3939 1066 4003; x_wconf 94' lang='lat' dir='ltr'><strong>in</strong></span> <span class='ocrx_word' id='word_1_441' title='bbox 1081 3938 1130 4001; x_wconf 90' lang='lat' dir='ltr'><strong>die</strong></span> <span class='ocrx_word' id='word_1_442' title='bbox 1147 3931 1315 4021; x_wconf 90' lang='lat' dir='ltr'><strong>(tempore)</strong></span> <span class='ocrx_word' id='word_1_443' title='bbox 1333 3956 1391 4019; x_wconf 91' lang='lat' dir='ltr'><strong>quo</strong></span> 
     </span>
     <span class='ocr_line' id='line_1_42' title="bbox 2 4027 1392 4113; baseline -0.002 -22"><span class='ocrx_word' id='word_1_444' title='bbox 2 4104 4 4111; x_wconf 13' lang='lat' dir='ltr'>y</span> <span class='ocrx_word' id='word_1_445' title='bbox 37 4060 38 4063; x_wconf 79' lang='lat'>¹</span> <span class='ocrx_word' id='word_1_446' title='bbox 68 4027 221 4095; x_wconf 83' lang='lat' dir='ltr'><strong>lecitDeus</strong></span> <span class='ocrx_word' id='word_1_447' title='bbox 244 4030 370 4113; x_wconf 79' lang='lat' dir='ltr'><strong>coelum</strong></span> <span class='ocrx_word' id='word_1_448' title='bbox 393 4039 426 4094; x_wconf 93' lang='lat' dir='ltr'><strong>et</strong></span> <span class='ocrx_word' id='word_1_449' title='bbox 439 4033 564 4095; x_wconf 88' lang='lat' dir='ltr'><strong>Terram</strong></span> <span class='ocrx_word' id='word_1_450' title='bbox 587 4040 619 4095; x_wconf 92' lang='lat' dir='ltr'><strong>et</strong></span> <span class='ocrx_word' id='word_1_451' title='bbox 640 4051 727 4096; x_wconf 92' lang='lat' dir='ltr'><strong>omne</strong></span> <span class='ocrx_word' id='word_1_452' title='bbox 748 4031 913 4113; x_wconf 88' lang='lat' dir='ltr'><strong>virgultum</strong></span> <span class='ocrx_word' id='word_1_453' title='bbox 935 4029 1016 4113; x_wconf 90' lang='lat' dir='ltr'><strong>agri,</strong></span> <span class='ocrx_word' id='word_1_454' title='bbox 1038 4035 1201 4111; x_wconf 87' lang='lat' dir='ltr'><strong>antequam</strong></span> <span class='ocrx_word' id='word_1_455' title='bbox 1224 4027 1353 4090; x_wconf 90' lang='lat' dir='ltr'><strong>oriretur</strong></span> <span class='ocrx_word' id='word_1_456' title='bbox 1375 4045 1392 4087; x_wconf 89' lang='lat' dir='ltr'><strong>e</strong></span> 
     </span>
     <span class='ocr_line' id='line_1_43' title="bbox 67 4116 1393 4204; baseline -0.002 -23"><span class='ocrx_word' id='word_1_457' title='bbox 67 4125 139 4196; x_wconf 83' lang='lat' dir='ltr'><strong>terra,</strong></span> <span class='ocrx_word' id='word_1_458' title='bbox 155 4140 331 4204; x_wconf 89' lang='lat' dir='ltr'><strong>omnemque</strong></span> <span class='ocrx_word' id='word_1_459' title='bbox 345 4121 471 4185; x_wconf 92' lang='lat' dir='ltr'><strong>herbam</strong></span> <span class='ocrx_word' id='word_1_460' title='bbox 486 4121 618 4203; x_wconf 90' lang='lat' dir='ltr'><strong>regionis</strong></span> <span class='ocrx_word' id='word_1_461' title='bbox 634 4122 806 4204; x_wconf 91' lang='lat' dir='ltr'><strong>priusquam</strong></span> <span class='ocrx_word' id='word_1_462' title='bbox 821 4121 1014 4202; x_wconf 86' lang='lat' dir='ltr'><strong>germinaret</strong></span> <span class='ocrx_word' id='word_1_463' title='bbox 1043 4120 1113 4183; x_wconf 92' lang='lat' dir='ltr'><strong>Nou</strong></span> <span class='ocrx_word' id='word_1_464' title='bbox 1128 4139 1157 4182; x_wconf 92' lang='lat' dir='ltr'><strong>n.</strong></span> <span class='ocrx_word' id='word_1_465' title='bbox 1172 4118 1293 4200; x_wconf 90' lang='lat' dir='ltr'><strong>pluerat</strong></span> <span class='ocrx_word' id='word_1_466' title='bbox 1306 4116 1393 4178; x_wconf 91' lang='lat' dir='ltr'><strong>Deus</strong></span> 
     </span>
    </p>
   </div>
   <div class='ocr_carea' id='block_1_11' title="bbox 1 4205 1515 4383">
    <p class='ocr_par' dir='ltr' id='par_1_12' title="bbox 1 4205 1515 4383">
     <span class='ocr_line' id='line_1_44' title="bbox 1 4205 1515 4294; baseline -0.004 -20"><span class='ocrx_word' id='word_1_467' title='bbox 1 4208 8 4291; x_wconf 44' lang='grc' dir='ltr'>ζ</span> <span class='ocrx_word' id='word_1_468' title='bbox 37 4211 38 4215; x_wconf 72' lang='grc'>’</span> <span class='ocrx_word' id='word_1_469' title='bbox 66 4226 137 4290; x_wconf 77' lang='lat' dir='ltr'><strong>uper</strong></span> <span class='ocrx_word' id='word_1_470' title='bbox 152 4217 268 4274; x_wconf 88' lang='lat' dir='ltr'><strong>terram</strong></span> <span class='ocrx_word' id='word_1_471' title='bbox 283 4219 315 4275; x_wconf 91' lang='lat' dir='ltr'><strong>et</strong></span> <span class='ocrx_word' id='word_1_472' title='bbox 328 4213 417 4277; x_wconf 93' lang='lat' dir='ltr'><strong>homo</strong></span> <span class='ocrx_word' id='word_1_473' title='bbox 433 4232 493 4276; x_wconf 92' lang='lat' dir='ltr'><strong>non</strong></span> <span class='ocrx_word' id='word_1_474' title='bbox 509 4219 578 4274; x_wconf 89' lang='lat' dir='ltr'><strong>erat</strong></span> <span class='ocrx_word' id='word_1_475' title='bbox 592 4213 645 4275; x_wconf 76' lang='lat' dir='ltr'><strong>he.</strong></span> <span class='ocrx_word' id='word_1_476' title='bbox 674 4211 817 4294; x_wconf 90' lang='lat' dir='ltr'><strong>Intelligo</strong></span> <span class='ocrx_word' id='word_1_477' title='bbox 834 4211 892 4274; x_wconf 90' lang='lat' dir='ltr'><strong>sic:</strong></span> <span class='ocrx_word' id='word_1_478' title='bbox 917 4210 972 4273; x_wconf 90' lang='lat' dir='ltr'><strong>sed</strong></span> <span class='ocrx_word' id='word_1_479' title='bbox 991 4228 1091 4274; x_wconf 89' lang='lat' dir='ltr'><strong>mersa</strong></span> <span class='ocrx_word' id='word_1_480' title='bbox 1112 4216 1180 4271; x_wconf 91' lang='lat' dir='ltr'><strong>erat</strong></span> <span class='ocrx_word' id='word_1_481' title='bbox 1199 4216 1283 4271; x_wconf 88' lang='lat' dir='ltr'><strong>terra</strong></span> <span class='ocrx_word' id='word_1_482' title='bbox 1298 4205 1393 4289; x_wconf 89' lang='lat' dir='ltr'><strong>aquis,</strong></span> <span class='ocrx_word' id='word_1_483' title='bbox 1511 4272 1515 4277; x_wconf 72' lang='grc'>,</span> 
     </span>
     <span class='ocr_line' id='line_1_45' title="bbox 2 4295 1501 4383; baseline 0 -23"><span class='ocrx_word' id='word_1_484' title='bbox 2 4298 5 4375; x_wconf 79' lang='lat' dir='ltr'><strong>j</strong></span> <span class='ocrx_word' id='word_1_485' title='bbox 67 4297 147 4363; x_wconf 68' lang='lat' dir='ltr'><strong>mut</strong></span> <span class='ocrx_word' id='word_1_486' title='bbox 168 4301 254 4367; x_wconf 89' lang='lat' dir='ltr'><strong>looue</strong></span> <span class='ocrx_word' id='word_1_487' title='bbox 276 4322 337 4366; x_wconf 92' lang='lat' dir='ltr'><strong>non</strong></span> <span class='ocrx_word' id='word_1_488' title='bbox 358 4309 443 4365; x_wconf 88' lang='lat' dir='ltr'><strong>esset</strong></span> <span class='ocrx_word' id='word_1_489' title='bbox 463 4301 602 4383; x_wconf 88' lang='lat' dir='ltr'><strong>virgultis</strong></span> <span class='ocrx_word' id='word_1_490' title='bbox 619 4301 671 4364; x_wconf 77' lang='lat' dir='ltr'><strong>&amp;c</strong></span> <span class='ocrx_word' id='word_1_491' title='bbox 715 4302 802 4364; x_wconf 86' lang='lat' dir='ltr'><strong>Voce</strong></span> <span class='ocrx_word' id='word_1_492' title='bbox 826 4298 964 4378; x_wconf 86' lang='lat' dir='ltr'><strong>,omnia“</strong></span> <span class='ocrx_word' id='word_1_493' title='bbox 988 4318 1050 4362; x_wconf 92' lang='lat' dir='ltr'><strong>uon</strong></span> <span class='ocrx_word' id='word_1_494' title='bbox 1070 4296 1211 4361; x_wconf 88' lang='lat' dir='ltr'><strong>existimo</strong></span> <span class='ocrx_word' id='word_1_495' title='bbox 1228 4295 1393 4378; x_wconf 82' lang='lat' dir='ltr'><strong>significari</strong></span> <span class='ocrx_word' id='word_1_496' title='bbox 1499 4356 1501 4360; x_wconf 87' lang='lat'>.</span> 
     </span>
    </p>
   </div>
   <div class='ocr_carea' id='block_1_12' title="bbox 1 4382 1412 4831">
    <p class='ocr_par' dir='ltr' id='par_1_13' title="bbox 1 4382 1412 4472">
     <span class='ocr_line' id='line_1_46' title="bbox 1 4382 1412 4472; baseline -0.004 -19"><span class='ocrx_word' id='word_1_497' title='bbox 1 4460 7 4468; x_wconf 48' lang='grc'><strong>,</strong></span> <span class='ocrx_word' id='word_1_498' title='bbox 67 4382 165 4452; x_wconf 81' lang='lat' dir='ltr'><strong>lunam</strong></span> <span class='ocrx_word' id='word_1_499' title='bbox 181 4398 215 4454; x_wconf 90' lang='lat' dir='ltr'><strong>et</strong></span> <span class='ocrx_word' id='word_1_500' title='bbox 229 4391 371 4472; x_wconf 89' lang='lat' dir='ltr'><strong>planetas</strong></span> <span class='ocrx_word' id='word_1_501' title='bbox 387 4398 506 4455; x_wconf 90' lang='lat' dir='ltr'><strong>ceteros</strong></span> <span class='ocrx_word' id='word_1_502' title='bbox 528 4391 565 4454; x_wconf 92' lang='lat' dir='ltr'><strong>de</strong></span> <span class='ocrx_word' id='word_1_503' title='bbox 584 4399 696 4454; x_wconf 91' lang='lat' dir='ltr'><strong>natura</strong></span> <span class='ocrx_word' id='word_1_504' title='bbox 718 4392 830 4454; x_wconf 90' lang='lat' dir='ltr'><strong>Terrae</strong></span> <span class='ocrx_word' id='word_1_505' title='bbox 853 4384 949 4472; x_wconf 90' lang='lat' dir='ltr'><strong>(quod</strong></span> <span class='ocrx_word' id='word_1_506' title='bbox 968 4388 1006 4451; x_wconf 90' lang='lat' dir='ltr'><strong>de</strong></span> <span class='ocrx_word' id='word_1_507' title='bbox 1026 4387 1115 4450; x_wconf 87' lang='lat' dir='ltr'><strong>Luna</strong></span> <span class='ocrx_word' id='word_1_508' title='bbox 1133 4385 1333 4460; x_wconf 89' lang='lat' dir='ltr'><strong>Plutarchus,</strong></span> <span class='ocrx_word' id='word_1_509' title='bbox 1356 4384 1393 4448; x_wconf 96' lang='lat' dir='ltr'><strong>de</strong></span> <span class='ocrx_word' id='word_1_510' title='bbox 1409 4398 1412 4402; x_wconf 82' lang='grc'><em>’</em></span> 
     </span>
    </p>

    <p class='ocr_par' dir='ltr' id='par_1_14' title="bbox 2 4469 1395 4831">
     <span class='ocr_line' id='line_1_47' title="bbox 40 4469 1394 4562; baseline -0.004 -20"><span class='ocrx_word' id='word_1_511' title='bbox 40 4486 41 4489; x_wconf 76' lang='grc'>’</span> <span class='ocrx_word' id='word_1_512' title='bbox 67 4481 158 4542; x_wconf 70' lang='lat' dir='ltr'><strong>otene</strong></span> <span class='ocrx_word' id='word_1_513' title='bbox 179 4481 324 4543; x_wconf 85' lang='lat' dir='ltr'><strong>evincunt</strong></span> <span class='ocrx_word' id='word_1_514' title='bbox 344 4481 551 4562; x_wconf 81' lang='lat' dir='ltr'><strong>experimenta</strong></span> <span class='ocrx_word' id='word_1_515' title='bbox 570 4479 798 4543; x_wconf 89' lang='lat' dir='ltr'><strong>illuminationis</strong></span> <span class='ocrx_word' id='word_1_516' title='bbox 819 4498 921 4543; x_wconf 89' lang='lat' dir='ltr'><strong>eorum</strong></span> <span class='ocrx_word' id='word_1_517' title='bbox 943 4479 1016 4541; x_wconf 89' lang='lat' dir='ltr'><strong>tubo</strong></span> <span class='ocrx_word' id='word_1_518' title='bbox 1038 4477 1139 4558; x_wconf 92' lang='lat' dir='ltr'><strong>optico</strong></span> <span class='ocrx_word' id='word_1_519' title='bbox 1162 4469 1317 4556; x_wconf 81' lang='lat' dir='ltr'><strong>detecte),</strong></span> <span class='ocrx_word' id='word_1_520' title='bbox 1340 4472 1394 4537; x_wconf 88' lang='lat' dir='ltr'><strong>sed</strong></span> 
     </span>
     <span class='ocr_line' id='line_1_48' title="bbox 2 4564 1394 4650; baseline -0.004 -18"><span class='ocrx_word' id='word_1_521' title='bbox 2 4640 10 4650; x_wconf 51' lang='grc'>,</span> <span class='ocrx_word' id='word_1_522' title='bbox 67 4570 149 4631; x_wconf 69' lang='lat' dir='ltr'><strong>husu</strong></span> <span class='ocrx_word' id='word_1_523' title='bbox 172 4569 280 4632; x_wconf 91' lang='lat' dir='ltr'><strong>eodem</strong></span> <span class='ocrx_word' id='word_1_524' title='bbox 300 4570 368 4632; x_wconf 90' lang='lat' dir='ltr'><strong>loeo</strong></span> <span class='ocrx_word' id='word_1_525' title='bbox 383 4570 556 4644; x_wconf 88' lang='lat' dir='ltr'><strong>habendos,</strong></span> <span class='ocrx_word' id='word_1_526' title='bbox 577 4577 613 4633; x_wconf 89' lang='lat' dir='ltr'><strong>ut</strong></span> <span class='ocrx_word' id='word_1_527' title='bbox 634 4569 693 4631; x_wconf 89' lang='lat' dir='ltr'><strong>etsi</strong></span> <span class='ocrx_word' id='word_1_528' title='bbox 716 4570 811 4632; x_wconf 88' lang='lat' dir='ltr'><strong>Terra</strong></span> <span class='ocrx_word' id='word_1_529' title='bbox 833 4569 908 4632; x_wconf 92' lang='lat' dir='ltr'><strong>nihil</strong></span> <span class='ocrx_word' id='word_1_530' title='bbox 930 4566 1012 4631; x_wconf 91' lang='lat' dir='ltr'><strong>aliud</strong></span> <span class='ocrx_word' id='word_1_531' title='bbox 1035 4564 1198 4647; x_wconf 85' lang='lat' dir='ltr'><strong>significet,</strong></span> <span class='ocrx_word' id='word_1_532' title='bbox 1226 4583 1315 4646; x_wconf 89' lang='lat' dir='ltr'><strong>quam</strong></span> <span class='ocrx_word' id='word_1_533' title='bbox 1336 4564 1394 4627; x_wconf 92' lang='lat' dir='ltr'><strong>hoc</strong></span> 
     </span>
     <span class='ocr_line' id='line_1_49' title="bbox 66 4651 1394 4742; baseline -0.004 -22"><span class='ocrx_word' id='word_1_534' title='bbox 66 4658 222 4734; x_wconf 81' lang='lat' dir='ltr'><strong>nundum,</strong></span> <span class='ocrx_word' id='word_1_535' title='bbox 243 4659 324 4742; x_wconf 94' lang='lat' dir='ltr'><strong>quod</strong></span> <span class='ocrx_word' id='word_1_536' title='bbox 339 4658 503 4734; x_wconf 82' lang='lat' dir='ltr'><strong>calcamus,</strong></span> <span class='ocrx_word' id='word_1_537' title='bbox 525 4659 625 4740; x_wconf 90' lang='lat' dir='ltr'><strong>gentis</strong></span> <span class='ocrx_word' id='word_1_538' title='bbox 641 4658 789 4721; x_wconf 90' lang='lat' dir='ltr'><strong>humanae</strong></span> <span class='ocrx_word' id='word_1_539' title='bbox 811 4657 1005 4722; x_wconf 85' lang='lat' dir='ltr'><strong>domicilium:</strong></span> <span class='ocrx_word' id='word_1_540' title='bbox 1030 4655 1067 4718; x_wconf 90' lang='lat' dir='ltr'><strong>de</strong></span> <span class='ocrx_word' id='word_1_541' title='bbox 1088 4653 1157 4716; x_wconf 87' lang='lat' dir='ltr'><strong>aliis</strong></span> <span class='ocrx_word' id='word_1_542' title='bbox 1178 4661 1281 4716; x_wconf 89' lang='lat' dir='ltr'><strong>tamen</strong></span> <span class='ocrx_word' id='word_1_543' title='bbox 1295 4651 1394 4734; x_wconf 91' lang='lat' dir='ltr'><strong>globis</strong></span> 
     </span>
     <span class='ocr_line' id='line_1_50' title="bbox 66 4742 1395 4831; baseline -0.004 -23"><span class='ocrx_word' id='word_1_544' title='bbox 66 4747 215 4825; x_wconf 79' lang='lat' dir='ltr'><strong>uobihhus,</strong></span> <span class='ocrx_word' id='word_1_545' title='bbox 231 4749 291 4831; x_wconf 89' lang='lat' dir='ltr'><strong>qui,</strong></span> <span class='ocrx_word' id='word_1_546' title='bbox 307 4757 342 4812; x_wconf 92' lang='lat' dir='ltr'><strong>ut</strong></span> <span class='ocrx_word' id='word_1_547' title='bbox 356 4769 416 4812; x_wconf 91' lang='lat' dir='ltr'><strong>non</strong></span> <span class='ocrx_word' id='word_1_548' title='bbox 427 4748 492 4812; x_wconf 90' lang='lat' dir='ltr'><strong>noti</strong></span> <span class='ocrx_word' id='word_1_549' title='bbox 502 4748 557 4812; x_wconf 88' lang='lat' dir='ltr'><strong>sub</strong></span> <span class='ocrx_word' id='word_1_550' title='bbox 574 4767 631 4831; x_wconf 92' lang='lat' dir='ltr'><strong>quo</strong></span> <span class='ocrx_word' id='word_1_551' title='bbox 642 4746 704 4810; x_wconf 90' lang='lat' dir='ltr'><strong>sint</strong></span> <span class='ocrx_word' id='word_1_552' title='bbox 713 4766 833 4829; x_wconf 88' lang='lat' dir='ltr'><strong>genere,</strong></span> <span class='ocrx_word' id='word_1_553' title='bbox 849 4748 964 4812; x_wconf 79' lang='lat' dir='ltr'><strong>ahlose</strong></span> <span class='ocrx_word' id='word_1_554' title='bbox 981 4751 1053 4808; x_wconf 92' lang='lat' dir='ltr'><strong>sunt</strong></span> <span class='ocrx_word' id='word_1_555' title='bbox 1068 4742 1179 4820; x_wconf 90' lang='lat' dir='ltr'><strong>omissi,</strong></span> <span class='ocrx_word' id='word_1_556' title='bbox 1194 4743 1274 4806; x_wconf 91' lang='lat' dir='ltr'><strong>idem</strong></span> <span class='ocrx_word' id='word_1_557' title='bbox 1283 4742 1395 4805; x_wconf 86' lang='lat' dir='ltr'><strong>debeat</strong></span> 
     </span>
    </p>
   </div>
   <div class='ocr_carea' id='block_1_13' title="bbox 65 4830 1394 4992">
    <p class='ocr_par' dir='ltr' id='par_1_15' title="bbox 65 4830 1394 4992">
     <span class='ocr_line' id='line_1_51' title="bbox 65 4830 1394 4927; baseline -0.004 -28"><span class='ocrx_word' id='word_1_558' title='bbox 65 4837 290 4918; x_wconf 69' lang='lat' dir='ltr'><strong>mejudicium,</strong></span> <span class='ocrx_word' id='word_1_559' title='bbox 313 4838 372 4902; x_wconf 89' lang='lat' dir='ltr'><strong>etsi</strong></span> <span class='ocrx_word' id='word_1_560' title='bbox 385 4839 444 4903; x_wconf 91' lang='lat' dir='ltr'><strong>hae</strong></span> <span class='ocrx_word' id='word_1_561' title='bbox 460 4858 510 4901; x_wconf 89' lang='lat' dir='ltr'><strong>res</strong></span> <span class='ocrx_word' id='word_1_562' title='bbox 525 4845 634 4927; x_wconf 81' lang='lat' dir='ltr'><strong>neutra</strong></span> <span class='ocrx_word' id='word_1_563' title='bbox 655 4857 730 4900; x_wconf 90' lang='lat' dir='ltr'><strong>voce</strong></span> <span class='ocrx_word' id='word_1_564' title='bbox 751 4836 966 4918; x_wconf 81' lang='lat' dir='ltr'><strong>significentur.</strong></span> <span class='ocrx_word' id='word_1_565' title='bbox 1011 4833 1137 4915; x_wconf 85' lang='lat' dir='ltr'><strong>Interim</strong></span> <span class='ocrx_word' id='word_1_566' title='bbox 1157 4840 1261 4898; x_wconf 73' lang='lat' dir='ltr'><strong>tsmm</strong></span> <span class='ocrx_word' id='word_1_567' title='bbox 1280 4830 1394 4913; x_wconf 89' lang='lat' dir='ltr'><strong>accipio</strong></span> 
     </span>
     <span class='ocr_line' id='line_1_52' title="bbox 103 4939 1184 4992; baseline -0.018 1"><span class='ocrx_word' id='word_1_568' title='bbox 103 4941 187 4992; x_wconf 61' lang='grc' dir='ltr'><strong>ΜΗ</strong></span> <span class='ocrx_word' id='word_1_569' title='bbox 199 4941 272 4992; x_wconf 66' lang='grc' dir='ltr'><strong>ΟΜ·</strong></span> <span class='ocrx_word' id='word_1_570' title='bbox 284 4941 320 4984; x_wconf 69' lang='lat'><strong>¹¹·</strong></span> <span class='ocrx_word' id='word_1_571' title='bbox 778 4954 782 4958; x_wconf 86' lang='grc'><em>·</em></span> <span class='ocrx_word' id='word_1_572' title='bbox 1168 4939 1184 4991; x_wconf 82' lang='lat' dir='ltr'><strong>g</strong></span> 
     </span>
    </p>
   </div>
   <div class='ocr_carea' id='block_1_14' title="bbox 0 0 1576 5476">
    <p class='ocr_par' dir='ltr' id='par_1_16' title="bbox 0 0 1576 5476">
     <span class='ocr_line' id='line_1_53' title="bbox 0 0 1576 5476; baseline 0 0"><span class='ocrx_word' id='word_1_573' title='bbox 0 0 1576 5476; x_wconf 95' lang='lat' dir='ltr'><strong> </strong></span> 
     </span>
    </p>
   </div>
  </div>
 </body>
</html>
