3142 5482
214 234 276 292 548
803 229 937 279 arataeo.

214 403 321 471 aribus
351 421 451 488 supra
480 402 624 469 Lincium
653 402 695 468 ad
726 402 908 468 Danubium
936 400 1067 483 situm),
1097 406 1191 485 pater
1222 400 1328 484 opifex
1351 401 1506 482 61661666,
1565 422 1566 434 ³

214 493 338 558 dudum
366 494 485 558 mortui
514 491 621 558 ambo:
656 492 811 571 educatio,
846 511 930 574 quae
958 491 1028 555 loco
1059 490 1276 574 amplissimae
1306 490 1390 555 dotis
1418 493 1510 567 sitin

214 580 643 666 gynaeceosstarenbe'rgico,
667 583 765 645 totius
788 580 923 664 regionis
941 579 1188 644 laudatissimae
1202 579 1404 661 disciplinae:
1424 580 1511 656 16166
1551 628 1552 631 ,

213 688 331 747 rnores,
362 692 475 755 corpus
506 676 718 752 attemperata
744 669 786 733 ad
808 691 895 746 mea,
924 668 1033 732 nullus
1055 667 1169 746 166166,
1198 667 1290 731 66116
1308 669 1513 743 ‘'sumtuosilaa
1567 745 1568 749 Ἰ

214 758 362 824 laborum
399 759 567 841 patientia,
606 758 737 822 scientia
766 757 933 823 mediocris
963 756 1119 839 regendae
1148 756 1278 834 domus,
1316 763 1407 821 aetas
1433 758 1515 820 media
1554 822 1555 840 2

216 849 404 929 animusque
435 846 551 932 capax‘
568 849 634 932 ejus
657 846 743 929 quod
766 846 1011 915 adhuc-deest«
1060 847 1101 926 (E
1122 845 1223 909 literis
1246 842 1381 929 Kepleri
1402 845 1516 910 1111161-

216 937 330 1019 dingae
353 936 383 1000 d.
409 936 554 1001 16061.
582 940 665 1000 1613
688 935 731 1000 611
749 935 882 1000 Petrum
897 934 1068 998 Henricum
1089 934 1249 1007 Baranam
1272 955 1293 998 a
1310 933 1516 1011 Strahlendorl,
1553 976 1555 981 ι

215 1032 252 1090 11
275 1023 455 1088 1166661666
471 1024 646 1106 opinatur.)
668 1024 807 1108 Nuptias
823 1022 995 1088 celebravit
1009 1031 1152 1086 reversus
1168 1020 1354 1087 Ratisbona
1369 1044 1387 1086 6
1402 1023 1517 1097 comitia

216 1112 335 1196 quibus
349 1115 441 1197 jussu
462 1114 662 1199 imperatoris
685 1113 840 1177 Matthiae
862 1110 1013 1189 interfuit,
1043 1110 1080 1174 rit
1097 1111 1255 1196 judicium
1277 1110 1382 1174 ferret
1402 1111 1519 1175 1166616
1558 1167 1559 1170 ,

216 1201 409 1267 Calendario
432 1200 629 1285 Gregoriano
653 1200 693 1283 (v.
717 1224 742 1266 s.
766 1225 797 1285 p.
822 1201 876 1282 9.),
901 1199 953 1264 die
977 1205 1028 1265 30.
1054 1197 1123 1263 Oct.
1150 1203 1235 1264 1613
1260 1197 1463 1282 Efferdingae
1483 1200 1519 1263 »in

213 1289 345 1354 aedibus
361 1290 541 1367 Mauriciae,
567 1293 657 1371 cujus
679 1289 799 1373 insigne
811 1290 875 1356 Leo
890 1309 1036 1367 6616661
1056 1293 1098 1367 61,
1119 1294 1155 1352 61
1171 1294 1243 1352 erat
1258 1289 1310 1352 111·
1330 1287 1518 1353 laboriosiai·

212 1399 299 1457 mus,
323 1377 434 1442 statim
457 1377 512 1442 ubi
534 1379 677 1443 Lincium
699 1399 877 1444 cum-nova
906 1383 1008 1460 nupta
1034 1398 1179 1441 reversus
1201 1382 1303 1454 esset,
1328 1376 1433 1440 missia
1451 1376 1520 1440 init'o
1563 1427 1565 1433 ,

213 1466 326 1531 61611116
340 1467 571 1545 astronomiae,
594 1466 1136 1550 666666616666666161166666111
1154 1465 1315 1528 familias«
1337 1465 1520 1530 commodius.

301 1555 434 1619 Praeter
460 1576 527 1619 rem
550 1555 652 1637 ipsam
673 1554 822 1620 movebat
837 1554 1010 1639 Keplerum
1024 1562 1061 1618 ut
1076 1553 1293 1618 conscriberet
1316 1552 1438 1618 librum
1450 1574 1520 1616 6666
1565 1632 1566 1643 ¹

215 1644 277 1708 alia
296 1658 346 1708 ree
365 1643 495 1707 minoris
518 1645 679 1724 momenti,
704 1665 803 1727 quam
817 1643 867 1708 hia
882 1643 984 1708 verbis
999 1642 1164 1707 Maestlino
1180 1643 1336 1706 nunciat:
1366 1641 1521 1725 »Superiori

95 1740 96 1744 ’
215 1752 297 1814 ango
327 1733 586 1797 Stereometm'am'
611 1733 672 1815 egi,
693 1739 740 1797 ’61
770 1733 907 1797 materia
932 1729 1081 1816 populari
1108 1731 1367 1814 typographum,
1400 1732 1521 1814 quitum

214 1820 278 1885 1166
301 1825 445 1898 ‚venerat
473 1824 630 1907 jurarem,
662 1844 702 1885 ne
727 1843 766 1887 ex
787 1822 863 1886 aula
886 1821 1041 1886 Caesarea
1070 1821 1273 1884 resisteretur
1308 1824 1381 1905 ejus
1412 1819 1467 1884 arti
1484 1819 1521 1886 hic

213 1909 436 1975 instituendae.
481 1908 531 1990 (In
553 1909 655 1978 literis
677 1910 720 1975 ‘ad
742 1910 934 1987 Blanchum,
959 1909 991 1974 d.
1014 1908 1062 1974 Id.
1086 1909 1163 1992 Apr.
1190 1913 1300 1986 1616,
1329 1909 1440 1972 eadem
1459 1906 1519 1970 refe

215 2019 296 2076 rens,
332 1997 436 2061 addit:
474 2004 512 2062 ut
545 1999 621 2062 mihi
653 1999 687 2063 in
722 2006 885 2083 posterum
920 1998 1049 2080 praesto
1077 1995 1183 2076 66661.)
1231 1994 1440 2080 Scripseram
1464 2000 1521 2060 ante

215 2086 442 2175 sesquiannum
464 2085 506 2150 ad
530 2078 548 2149 6
571 2088 734 2170 paginas,
751 2109 824 2152 cum
846 2094 960 2170 typum
980 2087 1101 2177 incepi:
1135 2105 1248 2178 yerum
1275 2087 1364 2151 adeo
1387 2085 1457 2150 mihi
1475 2104 1521 2147 666

214 2174 434 2240 satisfecerunt
445 2173 510 2251 illa,
524 2181 680 2240 utnorem
691 2176 772 2260 proh
784 2175 876 2242 dolor
888 2176 1030 2258 integros
1042 2195 1161 2240 menses
1174 2176 1413 2251 consumserim
1426 2194 1518 2256 augen-
1567 2204 1569 2207 -

216 2257 280 2342 dis,
297 2264 473 2346 germanice
496 2264 669 2345 vertendis,
694 2264 889 2330 emendando
913 2270 1007 2347 typo,
1040 2261 1235 2341 delineandis
1263 2262 1406 2328 rudibus
1428 2262 1522 2328 scilicet

215 2351 458 2417 schematibus«
501 2352 542 2439 (11
564 2353 669 2419 1116116
686 2353 720 2418 d.
744 2352 846 2418 Lincii
874 2353 905 2419 d.
931 2360 960 2419 6.
985 2353 1061 2438 Maj.
1087 2351 1197 2432 1616.)
1244 2352 1354 2430 Idem,
1388 2352 1467 2436 quod
1484 2349 1522 2413 hie

219 2439 295 2505 dicit
317 2439 481 2524 Keplerus,
506 2436 679 2506 excrevisse
701 2443 782 2506 inter
804 2462 918 2506 manua
940 2437 1019 2524 ophs
1042 2443 1213 2524 inceptum,
1228 2445 1231 2451 ’
1246 2441 1358 2505 elucet
1382 2463 1399 2506 6
1420 2437 1521 2523 condu-

216 2530 303 2594 sione
318 2527 422 2611 operis
438 2529 547 2612 ipsius,
564 2530 617 2594 ubi
633 2530 725 2596 dicit:
745 2530 836 2613 liber,
852 2532 904 2595 rix
918 2529 1027 2595 deceni
1041 2531 1130 2595 initio
1146 2529 1403 2612 theorematum,
1419 2533 1523 2614 praeter

216 2617 395 2702 opinionem
417 2619 556 2682 exerevit
579 2619 634 2700 (ad
659 2619 725 2702 19).
1452 2616 1455 2624 ’

306 2706 452 2770 Ceterum
473 2707 563 2771 initio
581 2728 645 2774 non
668 2707 846 2792 respexisse
865 2707 995 2772 videtur
1009 2705 1164 2788 Keplerus
1188 2705 1435 2792 typographum
1453 2701 1526 2768 illum

218 2793 421 2875 binciensem,
446 2795 533 2878 quod
554 2816 592 2860 ex
614 2795 662 2860 his
678 2789 927 2862 MarciWelseri
947 2795 1049 2860 literis
1072 2800 1177 2877 patet:
1202 2795 1299 2858 Salve
1323 2794 1384 2858 Vir
1407 2793 1480 2859 Nob.
1499 2798 1525 2855 et

218 2882 408 2949 (ilarissirne.
444 2882 681 2951 Pithometriam
697 2891 788 2951 tuam
827 2885 957 2950 roximis
972 2883 1188 2967 superioribus
1204 2882 1324 2947 diebus
1336 2890 1423 2948 recte
1435 2880 1526 2964 666661

218 2977 251 3035 61
266 2973 375 3035 6161161
390 2993 462 3036 6616
477 2973 601 3038 Joanne
616 2972 760 3056 Kriigero
780 2909 953 3057 bilthopola
967 2979 1077 3037 nostro
1093 2972 1132 3047 de
1148 2969 1286 3036 editione
1302 2974 1365 3056 egi.
1402 2973 1457 3037 cui
1470 2991 1527 3035 cun

216 3060 306 3125 nulla
322 3061 445 3124 ratione
468 3061 663 3145 persuadere
678 3069 871 3147 666666161
886 3083 957 3127 6616
972 3059 1108 3143 propriis
1124 3046 1285 3144 sumtibus
1306 3059 1527 3143 procurandam

217 3148 250 3212 ih
273 3169 307 3212 66
330 3149 496 3232 reciperet,
521 3186 562 3195 —
586 3154 644 3216 etsi
666 3153 746 3229 enim
767 3152 895 3232 fatetur,
919 3150 1093 3232 gratiosum
1115 3153 1147 3212 et
1168 3148 1297 3212 illustre
1322 3149 1413 3234 apud
1434 3168 1528 3213 616666

218 3237 364 3303 literatos
395 3237 523 3322 Kepleri
552 3259 666 3310 nomen
695 3240 805 3304 haberi
834 3275 875 3286 —
905 3236 1043 3321 negabat
1073 3243 1182 3302 tamen
1211 3241 1442 3320 argumentum
1469 3235 1528 3299 hbui

219 3325 388 3408 plausibile
404 3334 436 3392 61
451 3326 605 3392 vendibile
621 3328 729 3407 videri,
750 3328 851 3392 latina
867 3327 1056 3412 praesertim
1071 3326 1188 3409 lingua.
1223 3327 1345 3411 116666
1362 3348 1399 3391 66
1415 3324 1526 3390 tandm

220 3419 347 3479 coactus
378 3414 545 3495 descendi,
576 3423 613 3479 61
636 3419 774 3482 auctoris
788 3410 960 3481 'sumtibus
989 3415 1041 3480 hio
1064 3415 1247 3487 cudendum
1275 3421 1424 3493 curaret,
1455 3411 1526 3496 quod

218 3502 313 3567 facile
335 3503 463 3567 admisit
486 3510 518 3568 et
539 3504 636 3568 sade
657 3504 891 3570 conditionibus
913 3505 955 3569 ad
971 3504 1171 3569 Dominicum
1188 3504 1367 3568 Custodem
1383 3503 1425 3585 (.)
1443 3503 1526 3584 scrip·

219 3600 328 3656 turum
351 3593 517 3674 promisit..
539 3592 628 3658 Vale.
648 3594 841 3677 1166111611,
866 3600 917 3658 11.
941 3591 1100 3656 dieFehr.
1120 3597 1215 3655 1614.
1251 3592 1342 3657 Tuus
1359 3592 1401 3657 M.
1421 3590 1526 3655 veser.

220 3680 253 3745 Si
279 3680 363 3743 hunc
392 3701 487 3763 quem
516 3681 685 3766 adscripsit
711 3682 873 3747 Welserns
903 3682 986 3747 diem
1017 3680 1248 3763 comparaveris
1272 3701 1347 3765 cum
1371 3702 1422 3760 ao,
1446 3699 1527 3763 66661

213 3769 378 3852 ’Κ6616166
394 3769 583 3836 dedicationi
602 3770 779 3855 adscripsit,
804 3771 982 3850 concludes,
1002 3770 1174 3852 Keplerum
1192 3768 1338 3833 nondum
1349 3778 1480 3834 certum
1495 3767 1526 3830 de

219 3857 420 3942 typographo
441 3878 546 3942 neque
567 3859 662 3942 61666
684 3861 832 3926 absoluto
855 3880 960 3944 opera.
978 3859 1095 3942 (comp.
1118 3857 1228 3923 literas
1252 3857 1295 3922 ad
1322 3856 1526 3936 Maestlinum)

220 3945 448 4033 delicatiorem
477 3967 567 4012 suam
596 3949 819 4034 conscripsisse
842 3955 948 4033 atque
973 3948 1101 4032 optione
1122 3948 1215 4025 data,
1241 3953 1359 4011 utrum
1381 3948 1525 4011 11661161

221 4033 382 4116 Augustae
422 4037 502 4099 suis
543 4036 729 4109 sumtibus
765 4058 846 4122 opus
888 4036 1125 4102 excudendum
1146 4037 1201 4115 611,
1245 4035 1396 4101 Lincium
1432 4035 1524 4119 661166

219 4122 378 4187 habuisse.
408 4121 527 4199 simul
552 4146 590 4189 ex
612 4124 661 4189 his
684 4147 812 4209 quoque
832 4126 1046 4192 testimonium
1068 4125 1279 4189 desumsimns
1300 4146 1425 4201 eorum,
1456 4141 1525 4207 quaa

220 4213 395 4295 praemisso
417 4212 576 4279 volumine
598 4212 733 4278 diximus
756 4216 795 4279 de
816 4216 940 4280 ratione
961 4213 1088 4296 Kepleri
1108 4213 1208 4277 libros
1230 4236 1307 4280 suos
1324 4210 1526 4280 comcnbendi

221 4299 559 4385 10661611611116.
582 4306 681 4366 6116.
700 4304 798 4384 519),
823 4324 1019 4387 6661666616
1042 4322 1105 4366 666
1127 4303 1317 4386 negligenda
1340 4302 1525 4386 6661166166

222 4385 349 4470 Kepleri
367 4388 463 4469 rerba
483 4395 558 4473 post
576 4391 850 4472 theorema‘XVIl,
875 4393 990 4477 quibus
1009 4396 1116 4454 monet
1141 4389 1340 4457 »Patronosa
1367 4393 1406 4456 de
1420 4392 1524 4455 dilatae

221 4477 367 4542 editionis
383 4479 481 4543 causa
504 4484 671 4544 6111161616
694 4483 883 4564 auctiusque
902 4478 1123 4553 ,166161166116
1157 4480 1318 4545 Monitum
1334 4480 1414 4546 illud
1426 4478 1523 4545 biblio

221 4565 315 4647 polae
331 4567 546 4649 augustensis,
571 4566 688 4633 librum
710 4569 811 4634 latina
826 4571 941 4653 ‘lingua
962 4588 1077 4652 pamm
1099 4568 1287 4634 vendibilem
1303 4590 1382 4646 esse,
1405 4570 1523 4634 moriare

220 4653 345 4718 videtur
359 4653 540 4739 Keplerum,
562 4662 600 4720 ut
618 4655 708 4720 illum
722 4659 754 4723 in
769 4658 907 4741 hnguam
922 4657 1144 4726 Germanicam
1166 4659 1358 4724 transferret
1371 4659 1418 4724 161
1433 4658 1523 4740 potius

222 4761 338 4806 novum
371 4737 519 4811 conderet¹
547 4745 681 4841 librum,
713 4767 855 4812 sermone
878 4766 964 4812 ‘usus
999 4747 1203 4827 Germanico,
1237 4749 1381 4832 ejusdem
1413 4745 1522 4838 6611166
