3142 5476
420 273 635 341 moseum
647 273 855 364 dammae
1271 225 1346 330 ιιι
1439 294 1444 302 ,

31 415 99 478 u'uus
112 419 164 478 est
179 433 254 478 aum
244 345 508 494 Mandonius
499 417 558 498 ipsi
567 417 634 498 J'am
649 426 810 484 numerant
822 425 958 482 mensem
972 418 1141 536 septimum,
1162 419 1249 501 quasi
1262 425 1335 484 ants

31 511 132 566 mestre
146 523 229 567 auno
244 504 378 585 incepto.

76 607 157 681 Quia
180 608 334 674 Seleucus
354 612 412 676 hoc
432 620 512 676 anno
532 612 632 675 victor
651 612 773 697 Syriam
797 621 830 678 οι
850 614 1050 697 Babyloniam
1073 614 1245 696 occupavit,
1270 614 1334 678 aive

31 699 59 761 ia
71 699 127 762 boc
143 720 225 763 auno
234 701 410 783 Antigonus
425 721 480 765 rex
489 703 585 766 Asiae
600 704 709 779 iactus,
724 711 799 787 puto
813 703 987 785 provincias
1002 705 1140 786 exemplo
1149 700 1334 768 Judr'reornru¹

31 789 123 871 episse
147 808 308 853 numerare
329 810 439 855 novam
462 809 565 856 aeram
580 792 619 855 ab
641 800 800 870 autumno,
821 813 904 857 more
924 795 1141 871 Macedonum,
1163 793 1223 856 etsi
1243 812 1333 876 reges

31 879 192 961 quebantur
207 880 300 943 aliam
315 900 374 944 uuo
390 901 469 944 auno
483 882 628 945 minorem
644 876 844 966 (Appianus).

73 985 187 1048 Potest
209 984 303 1049 etiam
324 983 404 1063 lieri,
426 996 461 1050 ut
481 989 540 1050 hoc
562 1008 640 1052 anno
664 997 773 1072 coepta
795 989 887 1073 inerit
909 989 996 1055 condi
1018 987 1090 1052 urbs
1105 987 1275 1071 Antigonia
1295 989 1333 1052 ab

31 1075 161 1158 rtigono,
185 1094 262 1158 quae
282 1085 356 1157 post
378 1077 417 1141 13
434 1097 529 1140 annos
552 1099 571 1140 a
587 1077 715 1142 Seleuco
732 1081 769 1143 de
789 1099 868 1143 novo
885 1079 1009 1142 condita
1030 1086 1063 1140 et
1076 1077 1242 1142 Antiochia
1258 1097 1333 1161 cog-

31 1165 146 1227 minata
169 1173 219 1228 est
240 1159 393 1249 (hincab).
429 1166 550 1229 Dicitur
573 1166 658 1246 enim
672 1169 749 1232 haec
772 1188 844 1233 aera
866 1168 936 1232 anni
951 1167 1145 1231 Antiocheui.
1175 1167 1281 1251 Utitur
1297 1186 1334 1229 ea

31 1253 387 1335 bateguiusAraecenns.
411 1256 470 1319 Est
480 1264 582 1319 autem
591 1257 695 1320 Araca
705 1252 841 1340 (Arach)
859 1257 1021 1339 superioris
1032 1250 1141 1339 Syriae
1156 1258 1237 1320 urbs.
1261 1256 1333 1320 Alio

31 1343 102 1405 nine
125 1363 201 1406 aera
222 1344 284 1407 ista
306 1345 344 1408 ab
359 1345 464 1409 Arabe
485 1345 537 1408 illo
557 1346 770 1410 Dhillrarnaim
790 1346 913 1422 dicitur,
937 1347 1022 1429 quasi
1047 1365 1120 1408 aera
1142 1344 1261 1409 cornuti
1284 1344 1333 1408 vel

31 1441 188 1508 mutorum,
203 1432 235 1496 id
250 1440 300 1496 est
314 1433 549 1511 Seleucidarum,
571 1454 607 1497 eo
623 1436 702 1517 quod
718 1435 865 1500 Seleucus
880 1437 1057 1518 pingeretur
1073 1443 1217 1498 cornutus
1234 1429 1331 1518 (Sca-

31 1540 61 1584 er
83 1531 211 1585 secutus
232 1519 406 1606 Bodinnm).
452 1522 533 1595 Quia
553 1544 625 1587 vero
655 1526 748 1588 etiam
768 1525 946 1589 Alexander
967 1524 1151 1607 pingebatur
1180 1532 1333 1599 cornutus,

31 1610 72 1672 :ile
86 1610 283 1694 fieri-potuit,
304 1621 339 1686 ut
354 1634 373 1676 a
389 1612 476 1695 Syris
492 1621 658 1690 erraretur,
681 1623 713 1677 et
727 1634 782 1696 pro
797 1614 927 1679 Seleuco
943 1614 1153 1678 Alexandrum
1175 1620 1334 1676 cornutum

31 1708 198 1764 rsumentes
220 1721 323 1765 aeram
337 1703 506 1766 Alexandri
529 1721 584 1784 pro
607 1722 679 1766 aera
701 1704 819 1767 cornuti
842 1703 993 1785 dicerent;
1024 1723 1078 1766 seu
1100 1702 1170 1785 quia
1190 1702 1223 1765 hi
1242 1721 1332 1784 reges

31 1808 88 1851 mes
104 1798 196 1853 erant
212 1809 251 1853 ex
265 1791 433 1854 Alexandri
445 1792 596 1875 posteris,
617 1793 743 1875 ideoque
760 1813 833 1856 aera
847 1794 937 1868 haec,
959 1793 1051 1856 ducta
1074 1812 1113 1855 ex
1134 1811 1170 1854 eo
1187 1799 1333 1874 tempore,
1364 1867 1368 1877 ι
1408 1845 1410 1854 .

31 1897 166 1942 oomues
182 1899 250 1942 sese
267 1878 355 1962 reges
370 1881 566 1962 scripserunt,
581 1880 691 1945 dicitur
706 1894 778 1945 aera
792 1883 1055 1947 Alexandrcorum
1071 1889 1103 1944 et
1119 1880 1244 1945 abusive
1260 1900 1333 1943 aera

31 1968 153 2030 exandri
168 1971 390 2050 (posterorum,
413 1971 615 2054 subintelligit
628 1970 745 2053 peritus
761 1966 895 2056 aliquis).
933 1970 1035 2037 (lausa
1051 1967 1258 2045 verisimilior,
1280 1988 1334 2033 cur

31 2076 56 2118 ra
69 2058 242 2122 Alexandri
258 2058 418 2135 diceretur,
434 2060 517 2124 nulla
532 2060 671 2135 occurrit
780 2073 783 2079 ”
820 2073 846 2149 S

70 2165 152 2228 Nam
168 2163 362 2248 Scaligerum
375 2173 449 2247 puto
466 2174 520 2230 aut
534 2167 663 2234 fabulari
679 2175 733 2230 aut
747 2166 899 2242 hariolari,
916 2167 966 2250 qui
981 2186 1104 2232 causam
1118 2165 1207 2248 hrains
1223 2165 1332 2248 appel·

31 2253 105 2316 iouis
120 2255 153 2316 iu
167 2255 325 2336 periodum
340 2253 460 2336 (ialippi
476 2257 603 2331 confert,
619 2256 705 2338 quasi
721 2254 868 2342 Calippus
888 2256 958 2320 vivo
975 2257 1138 2320 etiamnum
1152 2255 1332 2320 Alexandro

32 2343 162 2405 futurum
177 2344 366 2419 ordinasset,
388 2345 507 2427 quando
533 2343 606 2425 aera
619 2345 791 2408 Alexandri
813 2345 939 2409 deberet
960 2346 1044 2409 inire.
1078 2346 1175 2427 Atqui
1190 2345 1333 2428 periodus

31 2432 104 2514 lippi
121 2432 163 2495 18
179 2432 268 2496 aunis
284 2441 376 2496 autea
391 2442 535 2516 coeperat
550 2434 588 2497 ab
605 2433 664 2497 alio
680 2434 766 2497 initio
783 2454 873 2516 quam
889 2435 927 2497 ab
938 2442 1095 2498 autumno:
1113 2454 1169 2497 nec
1186 2441 1235 2497 eet
1248 2433 1332 2496 veri·

31 2521 88 2597 uile,
104 2528 225 2585 tantam
240 2523 455 2585 auctoritatem
470 2523 637 2586 accessisse
652 2522 722 2586 huic
738 2524 940 2587 numerationi
963 2543 1002 2586 ex
1017 2523 1105 2585 unica
1122 2521 1242 2604 Oaiippi
1259 2541 1332 2585 sen·

31 2610 95 2685 (ιιι,
118 2619 155 2674 ut
179 2618 252 2692 post
277 2611 536 2676 turbulentissima
558 2620 697 2694 tempora
720 2610 907 2694 reciperetur
932 2633 951 2674 a
975 2611 1133 2693 provincia
1156 2611 1333 2693 longissime

31 2697 148 2762 irascia
164 2708 290 2762 remota
335 2700 466 2765 Omnino
482 2720 557 2783 opus
573 2708 622 2764 est
636 2701 768 2783 publico
773 2719 922 2766 consensu
938 2700 1128 2783 popularium
1143 2708 1176 2762 et
1192 2699 1332 2801 occasio-

30 2807 68 2883 ·us
83 2789 286 2852 evidentibus

68 2896 169 2972 Anne,
184 2895 255 2978 quia
270 2895 396 2959 innova
393 2864 557 2960 divisione
566 2895 788 2978 provinciarum
803 2914 900 2963 novae
907 2895 1000 2999 'leges
1015 2896 1099 2959 latae
1115 2916 1134 2959 a
1148 2892 1333 2978 principibus
1367 2896 1369 2902 ’

31 2984 206 3049 ιιοειιιιιιιιι
221 2984 409 3060 Ptolemaeo,
432 2983 570 3062 Seleuco,
590 2986 790 3068 Lysimacho,
813 2985 936 3068 quaein
952 2984 1271 3059 communevalereut,
1294 3003 1333 3047 ex

34 3094 107 3136 aera
119 3072 385 3162 Alexandreorum
400 3075 484 3138 dicta
499 3074 557 3136 fuit
561 3074 722 3161 ,intellige
737 3074 908 3150 Alexandri
924 3093 1148 3159 successorum,
1164 3081 1219 3137 aut
1234 3072 1332 3137 simile

31 3162 213 3226 dEumenis
229 3170 398 3225 commento
414 3171 577 3226 statutum·
602 3171 637 3226 ut
652 3164 732 3226 sicut
746 3164 812 3238 ille,
832 3162 935 3245 posita
950 3184 1048 3226 vacua
1061 3160 1233 3228 Alexandri
1255 3163 1333 3225 sella

31 3259 202 3333 uacaptro,
224 3252 311 3327 velut
332 3252 580 3354 adpraesentent
594 3253 804 3316 Alexandrum
826 3251 1007 3318 convocavit
1029 3252 1145 3332 duces
1137 3272 1168 3315 ru
1184 3258 1332 3326 senatum,

35 3341 101 3421 jam
117 3359 222 3404 omnes
238 3340 259 3403 b
274 3340 442 3423 principes,
464 3341 592 3404 nummis
608 3340 689 3404 cusis
706 3361 773 3405 cum
788 3341 887 3423 effigie
902 3327 1082 3416 Alexandri,
1105 3360 1191 3405 suum
1206 3340 1332 3423 quilibet

31 3437 86 3493 rtur
108 3449 218 3502 nomen
242 3430 360 3496 addidit
382 3449 449 3492 cum
470 3449 592 3493 numero
607 3450 755 3494 annorum
771 3431 858 3511 hujus
879 3429 1035 3494 instituti?
1064 3431 1133 3493 Huc
1153 3429 1232 3494 euim
1247 3430 1329 3493 reie-
1407 3454 1408 3463 ι

31 3519 103 3581 idum
127 3519 264 3594 omuino,
286 3519 365 3602 quod
383 3516 511 3620 legimus
532 3518 612 3600 apud
627 3519 807 3594 Diodorum,
828 3518 1050 3596 Ptolemaeum,
1074 3518 1282 3583 Cassandrum
1298 3509 1330 3581 e't
1413 3590 1414 3593 Ἴ

31 3609 194 3670 simachum
214 3626 321 3689 pacem
336 3627 403 3671 cum
416 3606 573 3688 Antigono
589 3608 715 3683 iecisse,
736 3607 918 3695 Macedonia
940 3615 973 3670 et
988 3606 1121 3672 Graecia
1143 3607 1329 3684 Cassandro,
1375 3673 1376 3676 ,
1416 3617 1417 3623 ’

31 3697 110 3760 racia
123 3696 321 3778 Lysimacho,
336 3697 480 3780 Aegypto
494 3696 672 3760 Ptolemaeo
688 3716 843 3772 concessa,
859 3697 955 3760 donec
970 3697 1048 3760 tilius
1063 3696 1235 3762 Alexandri
1250 3696 1328 3760 ado·

31 3793 126 3861 reret,
148 3805 217 3848 cum
239 3784 384 3849 Seleucus
406 3786 535 3849 haberet
522 3785 752 3871 tBabylonem
789 3787 869 3867 Nam
891 3785 1032 3868 Scaliger
1055 3782 1120 3867 (i.ol
1143 3780 1224 3867 400)
1247 3785 1328 3867 regis

31 3832 154 3938 simachi
176 3892 285 3937 nomen
301 3893 367 3937 cum
383 3874 463 3937 eff
424 3892 483 3955 gre
506 3882 634 3955 cornuta
649 3875 786 3952 exhibet,
807 3895 868 3938 nou
884 3874 1042 3949 dubitans,
1064 3874 1149 3938 illam
1164 3894 1232 3938 esse
1247 3874 1327 3938 Ale-

31 3964 93 4027 rdri
124 3963 205 4026 Vide
222 3972 324 4028 tamen
339 3961 432 4026 etiam
448 3969 538 4044 atque
555 3963 661 4040 etiam,
684 3984 724 4027 an
738 3963 789 4027 ille
805 3964 871 4046 ipse
887 3982 1024 4026 nummus
1040 3963 1171 4044 effigiem
1186 3963 1329 4029 habuerit

31 4053 99 4116 enci
116 4060 274 4116 cornutam
287 4060 323 4114 ut
337 4052 477 4125 victoris,
497 4050 725 4133 inscriptionem
747 4072 819 4116 vero
840 4053 924 4134 regis
943 4051 1119 4134 Lysimachi
1142 4060 1177 4115 ut
1197 4052 1271 4115 victi
1294 4056 1327 4114 et

31 4142 66 4205 iai
88 4163 110 4205 a
131 4141 275 4205 Seleuco:
303 4147 526 4204 monumentum
547 4140 675 4221 insignia
695 4142 857 4216 victoriae,
880 4160 940 4223 qua
960 4142 1084 4215 mirifice
1105 4141 1233 4224 legimus
1256 4159 1326 4204 sese

31 4239 109 4294 tasse
125 4230 296 4294 Seleucum.
332 4230 376 4293 Ει
391 4228 510 4293 Seleuci
525 4248 661 4295 nummos
678 4231 804 4295 eandem
820 4225 951 4310 effigiem
967 4250 1035 4294 cum
1049 4230 1246 4310 inscriptione
1264 4227 1325 4296 Sc·

31 4323 50 4384 ri
64 4321 227 4394 habuisse,
241 4320 272 4382 id
287 4317 544 4399 maximeprobat,
560 4318 630 4404 quia
643 4319 676 4382 in
686 4317 776 4401 Syria
785 4320 862 4384 haec
873 4338 946 4383 aera
955 4319 1085 4393 iu'valuit
1099 4318 1189 4400 inque
1198 4318 1327 4394 Arabia,

31 4429 141 4493 renque
158 4408 281 4474 arabice
296 4406 508 4471 Dhillrarnaim
523 4407 661 4470 obtinuit

56 4519 130 4581 Non
152 4516 249 4596 igitur
269 4514 363 4577 solius
380 4512 516 4597 Cyrenes
538 4513 728 4585 cousuetudo
746 4512 819 4588 fuit,
840 4519 875 4594 nt
898 4512 997 4575 eidem
1019 4512 1179 4593 Scaligero
1195 4512 1325 4576 videtur.

31 4625 49 4669 ι
63 4608 146 4671 alter
162 4623 302 4668 nummus
316 4602 495 4677 Alexandri,
516 4621 605 4684 quern
620 4601 759 4683 Scaliger
774 4601 885 4683 tangit,
901 4620 968 4663 cum
985 4601 1085 4704 effigie
1101 4601 1231 4665 leoninis
1248 4621 1325 4665 exu-
1354 4631 1358 4644 ι

46 4704 178 4774 amata,
201 4700 337 4797 tempora
352 4693 435 4774 prior
450 4711 518 4756 esse
534 4690 635 4771 potuit
649 4691 707 4754 hac
722 4693 848 4773 epocha,
870 4690 980 4774 quippe
999 4690 1126 4772 quinon
1142 4690 1269 4772 alicuyns
1286 4709 1325 4754 ex

31 4787 173 4870 cipibus,
196 4781 283 4847 sed'
274 4782 368 4864 rpsius
383 4779 561 4847 Mexaudri
572 4778 811 4882 inscriptionem
817 4780 932 4857 habat,
952 4779 1023 4845 viro
1038 4779 1092 4844 illo
1113 4781 1218 4861 procul
1233 4780 1327 4862 dubio
1406 4808 1408 4812 ·

1060 4881 1115 4937 ιθ
