<?xml version="1.0" encoding="UTF-8"?>
<!DOCTYPE html PUBLIC "-//W3C//DTD XHTML 1.0 Transitional//EN"
    "http://www.w3.org/TR/xhtml1/DTD/xhtml1-transitional.dtd">
<html xmlns="http://www.w3.org/1999/xhtml" xml:lang="en" lang="en">
 <head>
  <title>
</title>
<meta http-equiv="Content-Type" content="text/html;charset=utf-8" />
  <meta name='ocr-system' content='tesseract 3.04.00' />
  <meta name='ocr-capabilities' content='ocr_page ocr_carea ocr_par ocr_line ocrx_word'/>
</head>
<body>
  <div class='ocr_page' id='page_1' title='image "./joanniskepleria13frisgoog_0657.png"; bbox 0 0 3150 5482; ppageno 0'>
   <div class='ocr_carea' id='block_1_1' title="bbox 208 245 953 309">
    <p class='ocr_par' dir='ltr' id='par_1_1' title="bbox 208 245 953 309">
     <span class='ocr_line' id='line_1_1' title="bbox 208 245 953 309; baseline -0.02 0"><span class='ocrx_word' id='word_1_1' title='bbox 208 247 272 309; x_wconf 75' lang='grc'>644</span> <span class='ocrx_word' id='word_1_2' title='bbox 774 245 859 296; x_wconf 81' lang='lat' dir='ltr'>&#39;l&#39;ertia</span> <span class='ocrx_word' id='word_1_3' title='bbox 882 245 953 297; x_wconf 80' lang='lat' dir='ltr'>Pars.</span> 
     </span>
    </p>
   </div>
   <div class='ocr_carea' id='block_1_2' title="bbox 135 416 1523 4160">
    <p class='ocr_par' dir='ltr' id='par_1_2' title="bbox 207 416 1522 950">
     <span class='ocr_line' id='line_1_2' title="bbox 207 416 1520 505; baseline -0.001 -17"><span class='ocrx_word' id='word_1_4' title='bbox 207 419 377 488; x_wconf 87' lang='lat' dir='ltr'>doliumiu</span> <span class='ocrx_word' id='word_1_5' title='bbox 392 418 420 485; x_wconf 86' lang='lat' dir='ltr'><strong>G</strong></span> <span class='ocrx_word' id='word_1_6' title='bbox 435 419 511 487; x_wconf 90' lang='lat' dir='ltr'>orbe</span> <span class='ocrx_word' id='word_1_7' title='bbox 529 417 641 503; x_wconf 87' lang='lat' dir='ltr'>ligneo,</span> <span class='ocrx_word' id='word_1_8' title='bbox 666 440 705 486; x_wconf 87' lang='lat' dir='ltr'>ac</span> <span class='ocrx_word' id='word_1_9' title='bbox 720 416 855 505; x_wconf 79' lang='lat' dir='ltr'>proinde</span> <span class='ocrx_word' id='word_1_10' title='bbox 874 418 1078 486; x_wconf 78' lang='lat' dir='ltr'><strong>altitudinem</strong></span> <span class='ocrx_word' id='word_1_11' title='bbox 1093 417 1151 484; x_wconf 86' lang='lat' dir='ltr'>OG</span> <span class='ocrx_word' id='word_1_12' title='bbox 1172 417 1358 485; x_wconf 85' lang='lat' dir='ltr'>technicam</span> <span class='ocrx_word' id='word_1_13' title='bbox 1381 424 1520 505; x_wconf 75' lang='lat' dir='ltr'>segmenti</span> 
     </span>
     <span class='ocr_line' id='line_1_3' title="bbox 207 508 1520 591; baseline 0.001 -14"><span class='ocrx_word' id='word_1_14' title='bbox 207 510 307 577; x_wconf 89' lang='lat' dir='ltr'>conici</span> <span class='ocrx_word' id='word_1_15' title='bbox 329 509 423 591; x_wconf 85' lang='lat' dir='ltr'>COG,</span> <span class='ocrx_word' id='word_1_16' title='bbox 453 509 670 575; x_wconf 72' lang='lat' dir='ltr'><strong>continuatam</strong></span> <span class='ocrx_word' id='word_1_17' title='bbox 691 511 724 574; x_wconf 92' lang='lat' dir='ltr'>in</span> <span class='ocrx_word' id='word_1_18' title='bbox 747 508 829 574; x_wconf 86' lang='lat' dir='ltr'>hune</span> <span class='ocrx_word' id='word_1_19' title='bbox 856 530 975 585; x_wconf 85' lang='lat' dir='ltr'>arcum,</span> <span class='ocrx_word' id='word_1_20' title='bbox 999 508 1068 574; x_wconf 85' lang='lat' dir='ltr'>fore</span> <span class='ocrx_word' id='word_1_21' title='bbox 1090 509 1286 591; x_wconf 79' lang='lat' dir='ltr'>longiorem,</span> <span class='ocrx_word' id='word_1_22' title='bbox 1312 510 1412 576; x_wconf 77' lang='lat' dir='ltr'>veluti</span> <span class='ocrx_word' id='word_1_23' title='bbox 1433 514 1460 576; x_wconf 90' lang='grc' dir='ltr'>ιι</span> <span class='ocrx_word' id='word_1_24' title='bbox 1481 515 1520 578; x_wconf 84' lang='grc' dir='ltr'>ΟΖ</span> 
     </span>
     <span class='ocr_line' id='line_1_4' title="bbox 207 596 1520 682; baseline 0.002 -19"><span class='ocrx_word' id='word_1_25' title='bbox 207 607 301 664; x_wconf 86' lang='grc' dir='ltr'>ιιιιι.</span> <span class='ocrx_word' id='word_1_26' title='bbox 348 600 552 682; x_wconf 90' lang='lat' dir='ltr'>Segmentum</span> <span class='ocrx_word' id='word_1_27' title='bbox 579 599 677 679; x_wconf 88' lang='lat' dir='ltr'>igitur</span> <span class='ocrx_word' id='word_1_28' title='bbox 701 600 754 665; x_wconf 85' lang='lat' dir='ltr'>CA</span> <span class='ocrx_word' id='word_1_29' title='bbox 780 599 911 676; x_wconf 76' lang='lat' dir='ltr'>ventris,</span> <span class='ocrx_word' id='word_1_30' title='bbox 944 600 1034 679; x_wconf 89' lang='lat' dir='ltr'>cujus</span> <span class='ocrx_word' id='word_1_31' title='bbox 1061 596 1200 663; x_wconf 77' lang='lat' dir='ltr'>altitudo</span> <span class='ocrx_word' id='word_1_32' title='bbox 1226 600 1296 678; x_wconf 86' lang='grc'>00,</span> <span class='ocrx_word' id='word_1_33' title='bbox 1327 599 1520 667; x_wconf 89' lang='lat' dir='ltr'>ducemusin</span> 
     </span>
     <span class='ocr_line' id='line_1_5' title="bbox 207 684 1520 773; baseline 0.002 -21"><span class='ocrx_word' id='word_1_34' title='bbox 207 689 356 753; x_wconf 79' lang='lat' dir='ltr'>trientem</span> <span class='ocrx_word' id='word_1_35' title='bbox 378 688 535 752; x_wconf 88' lang='lat' dir='ltr'>linearum</span> <span class='ocrx_word' id='word_1_36' title='bbox 554 687 605 752; x_wconf 91' lang='grc' dir='ltr'>ΟΖ</span> <span class='ocrx_word' id='word_1_37' title='bbox 621 708 680 771; x_wconf 90' lang='lat' dir='ltr'>pro</span> <span class='ocrx_word' id='word_1_38' title='bbox 699 686 860 752; x_wconf 81' lang='lat' dir='ltr'>soliditate</span> <span class='ocrx_word' id='word_1_39' title='bbox 879 686 1034 773; x_wconf 82' lang='lat' dir='ltr'>segmenti</span> <span class='ocrx_word' id='word_1_40' title='bbox 1049 686 1159 751; x_wconf 90' lang='lat' dir='ltr'>conici.</span> <span class='ocrx_word' id='word_1_41' title='bbox 1195 684 1322 771; x_wconf 88' lang='lat' dir='ltr'>Siquis</span> <span class='ocrx_word' id='word_1_42' title='bbox 1343 691 1466 767; x_wconf 78' lang='lat' dir='ltr'>metuit,</span> <span class='ocrx_word' id='word_1_43' title='bbox 1489 711 1520 755; x_wconf 89' lang='lat' dir='ltr'>ne</span> 
     </span>
     <span class='ocr_line' id='line_1_6' title="bbox 208 774 1522 860; baseline 0.003 -20"><span class='ocrx_word' id='word_1_44' title='bbox 208 776 260 840; x_wconf 83' lang='grc' dir='ltr'>ΟΖ</span> <span class='ocrx_word' id='word_1_45' title='bbox 283 776 441 842; x_wconf 54' lang='lat' dir='ltr'>nimis-&gt;sit</span> <span class='ocrx_word' id='word_1_46' title='bbox 462 774 568 857; x_wconf 88' lang='lat' dir='ltr'>longa,</span> <span class='ocrx_word' id='word_1_47' title='bbox 590 776 618 840; x_wconf 90' lang='grc' dir='ltr'>ιι</span> <span class='ocrx_word' id='word_1_48' title='bbox 640 778 771 859; x_wconf 84' lang='lat' dir='ltr'>cogitet,</span> <span class='ocrx_word' id='word_1_49' title='bbox 800 783 971 858; x_wconf 78' lang='lat' dir='ltr'>segmenta·</span> <span class='ocrx_word' id='word_1_50' title='bbox 985 774 1075 839; x_wconf 89' lang='lat' dir='ltr'>nobis</span> <span class='ocrx_word' id='word_1_51' title='bbox 1097 774 1149 840; x_wconf 86' lang='lat' dir='ltr'>hic</span> <span class='ocrx_word' id='word_1_52' title='bbox 1176 777 1348 860; x_wconf 89' lang='lat' dir='ltr'>proposita</span> <span class='ocrx_word' id='word_1_53' title='bbox 1370 800 1437 844; x_wconf 94' lang='lat' dir='ltr'>non</span> <span class='ocrx_word' id='word_1_54' title='bbox 1463 800 1522 844; x_wconf 83' lang='lat' dir='ltr'>esse</span> 
     </span>
     <span class='ocr_line' id='line_1_7' title="bbox 208 863 1066 950; baseline -0.001 -19"><span class='ocrx_word' id='word_1_55' title='bbox 208 886 294 931; x_wconf 89' lang='lat' dir='ltr'>mera</span> <span class='ocrx_word' id='word_1_56' title='bbox 318 863 437 943; x_wconf 87' lang='lat' dir='ltr'>conica,</span> <span class='ocrx_word' id='word_1_57' title='bbox 462 864 519 928; x_wconf 89' lang='lat' dir='ltr'>sed</span> <span class='ocrx_word' id='word_1_58' title='bbox 542 864 592 930; x_wconf 90' lang='lat' dir='ltr'>his</span> <span class='ocrx_word' id='word_1_59' title='bbox 614 869 737 950; x_wconf 86' lang='lat' dir='ltr'>majora</span> <span class='ocrx_word' id='word_1_60' title='bbox 759 885 798 931; x_wconf 87' lang='lat' dir='ltr'>ex</span> <span class='ocrx_word' id='word_1_61' title='bbox 821 863 911 929; x_wconf 83' lang='lat' dir='ltr'>citrio</span> <span class='ocrx_word' id='word_1_62' title='bbox 934 863 1066 930; x_wconf 73' lang='lat' dir='ltr'>etiosa</span> 
     </span>
    </p>

    <p class='ocr_par' dir='ltr' id='par_1_3' title="bbox 135 953 1522 3696">
     <span class='ocr_line' id='line_1_8' title="bbox 296 953 1521 1037; baseline 0.002 -20"><span class='ocrx_word' id='word_1_63' title='bbox 296 953 453 1018; x_wconf 77' lang='lat' dir='ltr'>Nascetur</span> <span class='ocrx_word' id='word_1_64' title='bbox 474 953 572 1036; x_wconf 89' lang='lat' dir='ltr'>igitur</span> <span class='ocrx_word' id='word_1_65' title='bbox 595 974 760 1036; x_wconf 86' lang='lat' dir='ltr'>processus</span> <span class='ocrx_word' id='word_1_66' title='bbox 782 954 860 1018; x_wconf 89' lang='lat' dir='ltr'>iste:</span> <span class='ocrx_word' id='word_1_67' title='bbox 884 959 957 1017; x_wconf 88' lang='lat' dir='ltr'>ante</span> <span class='ocrx_word' id='word_1_68' title='bbox 980 953 1084 1016; x_wconf 88' lang='lat' dir='ltr'>omnia</span> <span class='ocrx_word' id='word_1_69' title='bbox 1111 958 1222 1018; x_wconf 89' lang='lat' dir='ltr'>notam</span> <span class='ocrx_word' id='word_1_70' title='bbox 1245 973 1321 1018; x_wconf 88' lang='lat' dir='ltr'>esse</span> <span class='ocrx_word' id='word_1_71' title='bbox 1343 960 1471 1037; x_wconf 86' lang='lat' dir='ltr'>oportet</span> <span class='ocrx_word' id='word_1_72' title='bbox 1490 977 1521 1021; x_wconf 84' lang='lat' dir='ltr'>er</span> 
     </span>
     <span class='ocr_line' id='line_1_9' title="bbox 207 1040 1521 1127; baseline 0.001 -19"><span class='ocrx_word' id='word_1_73' title='bbox 207 1040 420 1127; x_wconf 87' lang='lat' dir='ltr'>superioribus</span> <span class='ocrx_word' id='word_1_74' title='bbox 449 1042 626 1124; x_wconf 88' lang='lat' dir='ltr'>praeceptis</span> <span class='ocrx_word' id='word_1_75' title='bbox 656 1042 897 1125; x_wconf 88' lang='lat' dir='ltr'>amplitudinem</span> <span class='ocrx_word' id='word_1_76' title='bbox 926 1041 1044 1105; x_wconf 82' lang='lat' dir='ltr'>ventris</span> <span class='ocrx_word' id='word_1_77' title='bbox 1071 1040 1125 1106; x_wconf 85' lang='lat' dir='ltr'>CA</span> <span class='ocrx_word' id='word_1_78' title='bbox 1156 1047 1188 1106; x_wconf 90' lang='lat' dir='ltr'>et</span> <span class='ocrx_word' id='word_1_79' title='bbox 1219 1040 1418 1107; x_wconf 83' lang='lat' dir='ltr'>diametrum</span> <span class='ocrx_word' id='word_1_80' title='bbox 1447 1041 1521 1109; x_wconf 71' lang='lat' dir='ltr'>omis</span> 
     </span>
     <span class='ocr_line' id='line_1_10' title="bbox 207 1129 1521 1216; baseline 0 -20"><span class='ocrx_word' id='word_1_81' title='bbox 207 1130 305 1213; x_wconf 90' lang='lat' dir='ltr'>lignei</span> <span class='ocrx_word' id='word_1_82' title='bbox 327 1130 394 1208; x_wconf 84' lang='lat' dir='ltr'>GE,</span> <span class='ocrx_word' id='word_1_83' title='bbox 418 1152 489 1195; x_wconf 88' lang='lat' dir='ltr'>cum</span> <span class='ocrx_word' id='word_1_84' title='bbox 512 1130 642 1195; x_wconf 88' lang='lat' dir='ltr'>dimidia</span> <span class='ocrx_word' id='word_1_85' title='bbox 664 1130 843 1195; x_wconf 83' lang='lat' dir='ltr'>differentia</span> <span class='ocrx_word' id='word_1_86' title='bbox 858 1129 923 1210; x_wconf 91' lang='grc'>00,</span> <span class='ocrx_word' id='word_1_87' title='bbox 947 1136 981 1195; x_wconf 91' lang='lat' dir='ltr'>et</span> <span class='ocrx_word' id='word_1_88' title='bbox 1003 1148 1060 1212; x_wconf 91' lang='lat' dir='ltr'>per</span> <span class='ocrx_word' id='word_1_89' title='bbox 1082 1131 1337 1203; x_wconf 78' lang='lat' dir='ltr'>transversalem</span> <span class='ocrx_word' id='word_1_90' title='bbox 1353 1131 1409 1200; x_wconf 84' lang='lat' dir='ltr'>CE</span> <span class='ocrx_word' id='word_1_91' title='bbox 1430 1132 1521 1216; x_wconf 83' lang='lat' dir='ltr'>ipsam</span> 
     </span>
     <span class='ocr_line' id='line_1_11' title="bbox 208 1218 1521 1286; baseline 0.002 -2"><span class='ocrx_word' id='word_1_92' title='bbox 208 1219 305 1285; x_wconf 90' lang='lat' dir='ltr'>etiam</span> <span class='ocrx_word' id='word_1_93' title='bbox 328 1218 531 1282; x_wconf 88' lang='lat' dir='ltr'>altitudinem</span> <span class='ocrx_word' id='word_1_94' title='bbox 553 1219 726 1284; x_wconf 86' lang='lat' dir='ltr'>technioam</span> <span class='ocrx_word' id='word_1_95' title='bbox 748 1219 852 1283; x_wconf 87' lang='lat' dir='ltr'>trunci</span> <span class='ocrx_word' id='word_1_96' title='bbox 872 1218 939 1284; x_wconf 86' lang='lat' dir='ltr'>OG.</span> <span class='ocrx_word' id='word_1_97' title='bbox 984 1219 1043 1283; x_wconf 81' lang='lat' dir='ltr'>Est</span> <span class='ocrx_word' id='word_1_98' title='bbox 1064 1226 1171 1283; x_wconf 89' lang='lat' dir='ltr'>autem</span> <span class='ocrx_word' id='word_1_99' title='bbox 1196 1218 1249 1283; x_wconf 89' lang='lat' dir='ltr'>CO</span> <span class='ocrx_word' id='word_1_100' title='bbox 1274 1219 1319 1284; x_wconf 86' lang='lat' dir='ltr'>ad</span> <span class='ocrx_word' id='word_1_101' title='bbox 1341 1219 1402 1284; x_wconf 88' lang='lat' dir='ltr'>OG</span> <span class='ocrx_word' id='word_1_102' title='bbox 1424 1229 1459 1285; x_wconf 97' lang='grc' dir='ltr'>ιιι</span> <span class='ocrx_word' id='word_1_103' title='bbox 1479 1222 1521 1286; x_wconf 76' lang='lat' dir='ltr'>tn</span> 
     </span>
     <span class='ocr_line' id='line_1_12' title="bbox 207 1305 1520 1389; baseline 0.001 -16"><span class='ocrx_word' id='word_1_104' title='bbox 207 1307 250 1373; x_wconf 88' lang='lat' dir='ltr'>ad</span> <span class='ocrx_word' id='word_1_105' title='bbox 271 1307 336 1387; x_wconf 88' lang='lat' dir='ltr'>LB,</span> <span class='ocrx_word' id='word_1_106' title='bbox 363 1306 564 1372; x_wconf 87' lang='lat' dir='ltr'>altitudinem</span> <span class='ocrx_word' id='word_1_107' title='bbox 592 1307 663 1371; x_wconf 89' lang='lat' dir='ltr'>coni</span> <span class='ocrx_word' id='word_1_108' title='bbox 690 1307 876 1373; x_wconf 90' lang='lat' dir='ltr'>continuati.</span> <span class='ocrx_word' id='word_1_109' title='bbox 921 1305 1021 1389; x_wconf 88' lang='lat' dir='ltr'>Igitur</span> <span class='ocrx_word' id='word_1_110' title='bbox 1048 1307 1189 1371; x_wconf 82' lang='lat' dir='ltr'>scientur</span> <span class='ocrx_word' id='word_1_111' title='bbox 1215 1327 1314 1372; x_wconf 86' lang='lat' dir='ltr'>areae</span> <span class='ocrx_word' id='word_1_112' title='bbox 1341 1309 1520 1374; x_wconf 73' lang='lat' dir='ltr'>cuculomm</span> 
     </span>
     <span class='ocr_line' id='line_1_13' title="bbox 208 1394 1521 1478; baseline -0.002 -13"><span class='ocrx_word' id='word_1_113' title='bbox 208 1397 262 1465; x_wconf 83' lang='lat' dir='ltr'>CA</span> <span class='ocrx_word' id='word_1_114' title='bbox 285 1401 318 1460; x_wconf 90' lang='lat' dir='ltr'>et</span> <span class='ocrx_word' id='word_1_115' title='bbox 341 1395 398 1461; x_wconf 83' lang='lat' dir='ltr'>GE</span> <span class='ocrx_word' id='word_1_116' title='bbox 421 1416 460 1460; x_wconf 81' lang='lat' dir='ltr'>ex</span> <span class='ocrx_word' id='word_1_117' title='bbox 482 1394 698 1478; x_wconf 82' lang='lat' dir='ltr'>superioribus</span> <span class='ocrx_word' id='word_1_118' title='bbox 720 1397 755 1462; x_wconf 93' lang='lat' dir='ltr'>in</span> <span class='ocrx_word' id='word_1_119' title='bbox 774 1415 923 1461; x_wconf 87' lang='lat' dir='ltr'>mensura</span> <span class='ocrx_word' id='word_1_120' title='bbox 944 1414 1019 1474; x_wconf 82' lang='lat' dir='ltr'>una,</span> <span class='ocrx_word' id='word_1_121' title='bbox 1042 1398 1125 1478; x_wconf 75' lang='lat' dir='ltr'>qude</span> <span class='ocrx_word' id='word_1_122' title='bbox 1148 1415 1241 1461; x_wconf 89' lang='lat' dir='ltr'>areae</span> <span class='ocrx_word' id='word_1_123' title='bbox 1267 1397 1438 1463; x_wconf 85' lang='lat' dir='ltr'>ducendae</span> <span class='ocrx_word' id='word_1_124' title='bbox 1457 1406 1521 1463; x_wconf 83' lang='lat' dir='ltr'>sunt</span> 
     </span>
     <span class='ocr_line' id='line_1_14' title="bbox 206 1482 1521 1567; baseline 0.003 -19"><span class='ocrx_word' id='word_1_125' title='bbox 206 1483 242 1548; x_wconf 93' lang='lat' dir='ltr'>in</span> <span class='ocrx_word' id='word_1_126' title='bbox 263 1505 393 1550; x_wconf 86' lang='lat' dir='ltr'>auarum</span> <span class='ocrx_word' id='word_1_127' title='bbox 422 1482 624 1549; x_wconf 88' lang='lat' dir='ltr'>altitudinum</span> <span class='ocrx_word' id='word_1_128' title='bbox 647 1485 699 1549; x_wconf 88' lang='lat' dir='ltr'>LB</span> <span class='ocrx_word' id='word_1_129' title='bbox 723 1490 756 1550; x_wconf 90' lang='lat' dir='ltr'>et</span> <span class='ocrx_word' id='word_1_130' title='bbox 777 1483 833 1550; x_wconf 89' lang='grc' dir='ltr'>ΚΒ</span> <span class='ocrx_word' id='word_1_131' title='bbox 856 1489 965 1567; x_wconf 83' lang='lat' dir='ltr'>partas</span> <span class='ocrx_word' id='word_1_132' title='bbox 991 1482 1118 1562; x_wconf 82' lang='lat' dir='ltr'>tertias,</span> <span class='ocrx_word' id='word_1_133' title='bbox 1151 1491 1184 1549; x_wconf 90' lang='grc' dir='ltr'>ιι</span> <span class='ocrx_word' id='word_1_134' title='bbox 1206 1484 1403 1551; x_wconf 86' lang='lat' dir='ltr'>auferendus</span> <span class='ocrx_word' id='word_1_135' title='bbox 1433 1508 1521 1551; x_wconf 78' lang='lat' dir='ltr'>coum</span> 
     </span>
     <span class='ocr_line' id='line_1_15' title="bbox 208 1571 1520 1652; baseline 0.004 -16"><span class='ocrx_word' id='word_1_136' title='bbox 208 1571 308 1651; x_wconf 80' lang='lat' dir='ltr'>GEB,</span> <span class='ocrx_word' id='word_1_137' title='bbox 340 1571 489 1637; x_wconf 88' lang='lat' dir='ltr'>deficiens</span> <span class='ocrx_word' id='word_1_138' title='bbox 512 1594 532 1638; x_wconf 90' lang='lat' dir='ltr'>a</span> <span class='ocrx_word' id='word_1_139' title='bbox 555 1593 634 1638; x_wconf 92' lang='lat' dir='ltr'>cono</span> <span class='ocrx_word' id='word_1_140' title='bbox 657 1573 737 1638; x_wconf 81' lang='lat' dir='ltr'>GAB</span> <span class='ocrx_word' id='word_1_141' title='bbox 767 1574 971 1652; x_wconf 86' lang='lat' dir='ltr'>continuato,</span> <span class='ocrx_word' id='word_1_142' title='bbox 1001 1577 1038 1636; x_wconf 92' lang='lat' dir='ltr'>nt</span> <span class='ocrx_word' id='word_1_143' title='bbox 1068 1579 1169 1637; x_wconf 76' lang='lat' dir='ltr'>restet</span> <span class='ocrx_word' id='word_1_144' title='bbox 1199 1579 1341 1640; x_wconf 88' lang='lat' dir='ltr'>truncus</span> <span class='ocrx_word' id='word_1_145' title='bbox 1366 1575 1520 1641; x_wconf 83' lang='lat' dir='ltr'>CAEGin</span> 
     </span>
     <span class='ocr_line' id='line_1_16' title="bbox 206 1660 1521 1748; baseline 0.002 -23"><span class='ocrx_word' id='word_1_146' title='bbox 206 1661 350 1726; x_wconf 88' lang='lat' dir='ltr'>numeris</span> <span class='ocrx_word' id='word_1_147' title='bbox 372 1661 457 1744; x_wconf 88' lang='lat' dir='ltr'>aptis</span> <span class='ocrx_word' id='word_1_148' title='bbox 482 1661 644 1745; x_wconf 89' lang='lat' dir='ltr'>praesenti</span> <span class='ocrx_word' id='word_1_149' title='bbox 669 1663 812 1744; x_wconf 90' lang='lat' dir='ltr'>negotio.</span> <span class='ocrx_word' id='word_1_150' title='bbox 850 1661 924 1726; x_wconf 87' lang='lat' dir='ltr'>Jam</span> <span class='ocrx_word' id='word_1_151' title='bbox 949 1683 1008 1745; x_wconf 91' lang='lat' dir='ltr'>pro</span> <span class='ocrx_word' id='word_1_152' title='bbox 1035 1660 1228 1726; x_wconf 75' lang='lat' dir='ltr'>inveniendis</span> <span class='ocrx_word' id='word_1_153' title='bbox 1254 1661 1353 1727; x_wconf 87' lang='lat' dir='ltr'>lineis</span> <span class='ocrx_word' id='word_1_154' title='bbox 1378 1663 1431 1728; x_wconf 91' lang='grc' dir='ltr'>ΟΖ</span> <span class='ocrx_word' id='word_1_155' title='bbox 1452 1686 1521 1748; x_wconf 88' lang='lat' dir='ltr'>opus</span> 
     </span>
     <span class='ocr_line' id='line_1_17' title="bbox 208 1748 1521 1834; baseline 0.002 -20"><span class='ocrx_word' id='word_1_156' title='bbox 208 1754 258 1814; x_wconf 90' lang='grc' dir='ltr'>ιιι</span> <span class='ocrx_word' id='word_1_157' title='bbox 280 1749 437 1814; x_wconf 90' lang='lat' dir='ltr'>diametro</span> <span class='ocrx_word' id='word_1_158' title='bbox 459 1750 642 1815; x_wconf 80' lang='lat' dir='ltr'>metatoris:</span> <span class='ocrx_word' id='word_1_159' title='bbox 666 1751 860 1834; x_wconf 90' lang='lat' dir='ltr'>quadratum</span> <span class='ocrx_word' id='word_1_160' title='bbox 881 1749 976 1831; x_wconf 91' lang='lat' dir='ltr'>igitur</span> <span class='ocrx_word' id='word_1_161' title='bbox 1004 1749 1103 1833; x_wconf 87' lang='lat' dir='ltr'>ipsius</span> <span class='ocrx_word' id='word_1_162' title='bbox 1124 1750 1177 1815; x_wconf 86' lang='lat' dir='ltr'>LB</span> <span class='ocrx_word' id='word_1_163' title='bbox 1201 1749 1310 1816; x_wconf 78' lang='lat' dir='ltr'>divide</span> <span class='ocrx_word' id='word_1_164' title='bbox 1332 1771 1393 1834; x_wconf 90' lang='lat' dir='ltr'>per</span> <span class='ocrx_word' id='word_1_165' title='bbox 1417 1748 1476 1832; x_wconf 81' lang='lat' dir='ltr'>CL,</span> <span class='ocrx_word' id='word_1_166' title='bbox 1496 1759 1521 1817; x_wconf 84' lang='lat' dir='ltr'>et</span> 
     </span>
     <span class='ocr_line' id='line_1_18' title="bbox 207 1832 1520 1941; baseline 0.003 -39"><span class='ocrx_word' id='word_1_167' title='bbox 207 1836 380 1922; x_wconf 87' lang='lat' dir='ltr'>prodibit</span> <span class='ocrx_word' id='word_1_168' title='bbox 370 1860 403 1902; x_wconf 91' lang='lat' dir='ltr'>m</span> <span class='ocrx_word' id='word_1_169' title='bbox 425 1839 587 1940; x_wconf 77' lang='lat' dir='ltr'>quatiente</span> <span class='ocrx_word' id='word_1_170' title='bbox 608 1839 770 1904; x_wconf 85' lang='lat' dir='ltr'>residuum</span> <span class='ocrx_word' id='word_1_171' title='bbox 793 1838 951 1903; x_wconf 86' lang='lat' dir='ltr'>diametri.</span> <span class='ocrx_word' id='word_1_172' title='bbox 995 1838 1086 1903; x_wconf 89' lang='lat' dir='ltr'>Adde</span> <span class='ocrx_word' id='word_1_173' title='bbox 1108 1838 1206 1941; x_wconf 82' lang='lat' dir='ltr'>igitur</span> <span class='ocrx_word' id='word_1_174' title='bbox 1225 1832 1280 1904; x_wconf 81' lang='lat' dir='ltr'>GL</span> <span class='ocrx_word' id='word_1_175' title='bbox 1304 1841 1348 1905; x_wconf 92' lang='lat' dir='ltr'>ad</span> <span class='ocrx_word' id='word_1_176' title='bbox 1371 1840 1433 1906; x_wconf 90' lang='lat' dir='ltr'>hoc</span> <span class='ocrx_word' id='word_1_177' title='bbox 1453 1839 1520 1905; x_wconf 78' lang='lat' dir='ltr'>rasi·</span> 
     </span>
     <span class='ocr_line' id='line_1_19' title="bbox 206 1920 1520 2011; baseline 0.002 -20"><span class='ocrx_word' id='word_1_178' title='bbox 206 1926 318 2005; x_wconf 91' lang='lat' dir='ltr'>duum</span> <span class='ocrx_word' id='word_1_179' title='bbox 340 1927 496 2010; x_wconf 84' lang='lat' dir='ltr'>composit</span> <span class='ocrx_word' id='word_1_180' title='bbox 496 1948 535 1992; x_wconf 92' lang='lat' dir='ltr'>us</span> <span class='ocrx_word' id='word_1_181' title='bbox 559 1920 621 1991; x_wconf 90' lang='lat' dir='ltr'>erit</span> <span class='ocrx_word' id='word_1_182' title='bbox 642 1928 797 1994; x_wconf 86' lang='lat' dir='ltr'>diameter</span> <span class='ocrx_word' id='word_1_183' title='bbox 818 1927 994 2002; x_wconf 83' lang='lat' dir='ltr'>metatoris.</span> <span class='ocrx_word' id='word_1_184' title='bbox 1029 1926 1178 2009; x_wconf 87' lang='lat' dir='ltr'>Igitur</span> <span class='ocrx_word' id='word_1_185' title='bbox 1153 1949 1180 1993; x_wconf 86' lang='grc' dir='ltr'>ιι</span> <span class='ocrx_word' id='word_1_186' title='bbox 1202 1930 1374 2011; x_wconf 84' lang='lat' dir='ltr'>proposita</span> <span class='ocrx_word' id='word_1_187' title='bbox 1398 1930 1440 1994; x_wconf 87' lang='grc' dir='ltr'>ιιι</span> <span class='ocrx_word' id='word_1_188' title='bbox 1461 1930 1520 1994; x_wconf 80' lang='lat' dir='ltr'>alti</span> 
     </span>
     <span class='ocr_line' id='line_1_20' title="bbox 206 1976 1522 2117; baseline 0.002 -37"><span class='ocrx_word' id='word_1_189' title='bbox 206 2015 286 2081; x_wconf 90' lang='lat' dir='ltr'>tudo</span> <span class='ocrx_word' id='word_1_190' title='bbox 308 1976 400 2080; x_wconf 63' lang='lat' dir='ltr'>iacui</span> <span class='ocrx_word' id='word_1_191' title='bbox 415 2014 478 2095; x_wconf 89' lang='grc'>00,</span> <span class='ocrx_word' id='word_1_192' title='bbox 502 2035 647 2117; x_wconf 84' lang='lat' dir='ltr'>peream</span> <span class='ocrx_word' id='word_1_193' title='bbox 668 2014 856 2100; x_wconf 89' lang='lat' dir='ltr'>inquirenda</span> <span class='ocrx_word' id='word_1_194' title='bbox 877 2022 951 2081; x_wconf 90' lang='lat' dir='ltr'>sunt</span> <span class='ocrx_word' id='word_1_195' title='bbox 973 2022 1170 2098; x_wconf 86' lang='lat' dir='ltr'>segmentum</span> <span class='ocrx_word' id='word_1_196' title='bbox 1194 2013 1309 2082; x_wconf 79' lang='lat' dir='ltr'>circuli</span> <span class='ocrx_word' id='word_1_197' title='bbox 1332 2019 1455 2083; x_wconf 77' lang='lat' dir='ltr'>ventris</span> <span class='ocrx_word' id='word_1_198' title='bbox 1474 2039 1522 2102; x_wconf 86' lang='lat' dir='ltr'>per</span> 
     </span>
     <span class='ocr_line' id='line_1_21' title="bbox 135 2103 1520 2189; baseline 0.004 -22"><span class='ocrx_word' id='word_1_199' title='bbox 135 2153 137 2157; x_wconf 85' lang='lat'>.</span> <span class='ocrx_word' id='word_1_200' title='bbox 208 2111 383 2188; x_wconf 88' lang='lat' dir='ltr'>praecepta</span> <span class='ocrx_word' id='word_1_201' title='bbox 412 2104 591 2187; x_wconf 82' lang='lat' dir='ltr'>superiora,</span> <span class='ocrx_word' id='word_1_202' title='bbox 622 2112 654 2171; x_wconf 89' lang='lat' dir='ltr'>et</span> <span class='ocrx_word' id='word_1_203' title='bbox 676 2105 760 2171; x_wconf 90' lang='lat' dir='ltr'>linea</span> <span class='ocrx_word' id='word_1_204' title='bbox 787 2124 826 2169; x_wconf 86' lang='lat' dir='ltr'>ex</span> <span class='ocrx_word' id='word_1_205' title='bbox 849 2105 876 2170; x_wconf 92' lang='grc' dir='ltr'>Ο</span> <span class='ocrx_word' id='word_1_206' title='bbox 901 2103 1210 2188; x_wconf 74' lang='lat' dir='ltr'>perpendiculariter</span> <span class='ocrx_word' id='word_1_207' title='bbox 1239 2126 1302 2188; x_wconf 88' lang='lat' dir='ltr'>per</span> <span class='ocrx_word' id='word_1_208' title='bbox 1331 2107 1520 2189; x_wconf 71' lang='lat' dir='ltr'>superficiem</span> 
     </span>
     <span class='ocr_line' id='line_1_22' title="bbox 208 2191 1521 2275; baseline 0.004 -20"><span class='ocrx_word' id='word_1_209' title='bbox 208 2191 344 2275; x_wconf 89' lang='lat' dir='ltr'>liquoris</span> <span class='ocrx_word' id='word_1_210' title='bbox 369 2191 535 2257; x_wconf 89' lang='lat' dir='ltr'>defluentis</span> <span class='ocrx_word' id='word_1_211' title='bbox 562 2193 669 2259; x_wconf 85' lang='lat' dir='ltr'>exiens</span> <span class='ocrx_word' id='word_1_212' title='bbox 688 2194 728 2259; x_wconf 84' lang='lat' dir='ltr'>in</span> <span class='ocrx_word' id='word_1_213' title='bbox 750 2199 948 2259; x_wconf 87' lang='lat' dir='ltr'>motatorem.</span> <span class='ocrx_word' id='word_1_214' title='bbox 989 2192 1090 2258; x_wconf 79' lang='lat' dir='ltr'>&#39;Auser</span> <span class='ocrx_word' id='word_1_215' title='bbox 1115 2193 1216 2275; x_wconf 82' lang='lat' dir='ltr'>igitur</span> <span class='ocrx_word' id='word_1_216' title='bbox 1242 2194 1300 2258; x_wconf 90' lang='grc'>00</span> <span class='ocrx_word' id='word_1_217' title='bbox 1329 2216 1350 2259; x_wconf 90' lang='lat' dir='ltr'>e</span> <span class='ocrx_word' id='word_1_218' title='bbox 1375 2195 1521 2260; x_wconf 87' lang='lat' dir='ltr'>diametro</span> 
     </span>
     <span class='ocr_line' id='line_1_23' title="bbox 206 2279 1517 2368; baseline 0.004 -24"><span class='ocrx_word' id='word_1_219' title='bbox 206 2280 386 2361; x_wconf 84' lang='lat' dir='ltr'>metatoris,</span> <span class='ocrx_word' id='word_1_220' title='bbox 406 2279 549 2347; x_wconf 84' lang='lat' dir='ltr'>ablatam</span> <span class='ocrx_word' id='word_1_221' title='bbox 566 2282 742 2366; x_wconf 86' lang='lat' dir='ltr'>multiplica</span> <span class='ocrx_word' id='word_1_222' title='bbox 755 2283 789 2347; x_wconf 91' lang='lat' dir='ltr'>in</span> <span class='ocrx_word' id='word_1_223' title='bbox 804 2281 974 2361; x_wconf 87' lang='lat' dir='ltr'>residuum,</span> <span class='ocrx_word' id='word_1_224' title='bbox 995 2281 1061 2345; x_wconf 88' lang='lat' dir='ltr'>fact</span> <span class='ocrx_word' id='word_1_225' title='bbox 1062 2281 1072 2344; x_wconf 93' lang='lat' dir='ltr'>i</span> <span class='ocrx_word' id='word_1_226' title='bbox 1091 2281 1183 2346; x_wconf 86' lang='lat' dir='ltr'>radix</span> <span class='ocrx_word' id='word_1_227' title='bbox 1199 2288 1248 2347; x_wconf 87' lang='lat' dir='ltr'>est</span> <span class='ocrx_word' id='word_1_228' title='bbox 1263 2282 1356 2364; x_wconf 78' lang='lat' dir='ltr'>linea</span> <span class='ocrx_word' id='word_1_229' title='bbox 1375 2286 1517 2368; x_wconf 75' lang='lat' dir='ltr'>quaesita,</span> 
     </span>
     <span class='ocr_line' id='line_1_24' title="bbox 206 2368 1520 2474; baseline 0.002 -41"><span class='ocrx_word' id='word_1_230' title='bbox 206 2368 240 2434; x_wconf 92' lang='lat' dir='ltr'>in</span> <span class='ocrx_word' id='word_1_231' title='bbox 262 2373 353 2455; x_wconf 88' lang='lat' dir='ltr'>cujus</span> <span class='ocrx_word' id='word_1_232' title='bbox 376 2376 501 2452; x_wconf 85' lang='lat' dir='ltr'>partem</span> <span class='ocrx_word' id='word_1_233' title='bbox 523 2371 652 2436; x_wconf 84' lang='lat' dir='ltr'>tertiam</span> <span class='ocrx_word' id='word_1_234' title='bbox 673 2371 752 2435; x_wconf 92' lang='lat' dir='ltr'>mult</span> <span class='ocrx_word' id='word_1_235' title='bbox 738 2369 913 2474; x_wconf 81' lang='lat' dir='ltr'>tiplicanda</span> <span class='ocrx_word' id='word_1_236' title='bbox 935 2377 984 2434; x_wconf 87' lang='lat' dir='ltr'>est</span> <span class='ocrx_word' id='word_1_237' title='bbox 1002 2389 1080 2434; x_wconf 88' lang='lat' dir='ltr'>area</span> <span class='ocrx_word' id='word_1_238' title='bbox 1101 2372 1255 2453; x_wconf 83' lang='lat' dir='ltr'>segmenti</span> <span class='ocrx_word' id='word_1_239' title='bbox 1280 2373 1395 2438; x_wconf 84' lang='lat' dir='ltr'>circuli</span> <span class='ocrx_word' id='word_1_240' title='bbox 1418 2373 1520 2449; x_wconf 77' lang='lat' dir='ltr'>ventris</span> 
     </span>
     <span class='ocr_line' id='line_1_25' title="bbox 207 2456 1521 2546; baseline 0.002 -23"><span class='ocrx_word' id='word_1_241' title='bbox 207 2478 266 2542; x_wconf 87' lang='lat' dir='ltr'>pro</span> <span class='ocrx_word' id='word_1_242' title='bbox 289 2457 450 2523; x_wconf 82' lang='lat' dir='ltr'>soliditate</span> <span class='ocrx_word' id='word_1_243' title='bbox 472 2459 629 2542; x_wconf 86' lang='lat' dir='ltr'>segmenti</span> <span class='ocrx_word' id='word_1_244' title='bbox 651 2460 762 2525; x_wconf 82' lang='lat' dir='ltr'>conici.</span> <span class='ocrx_word' id='word_1_245' title='bbox 808 2458 930 2538; x_wconf 84' lang='lat' dir='ltr'>Quodsi</span> <span class='ocrx_word' id='word_1_246' title='bbox 955 2457 1028 2523; x_wconf 90' lang='lat' dir='ltr'>altit</span> <span class='ocrx_word' id='word_1_247' title='bbox 1028 2456 1092 2523; x_wconf 90' lang='lat' dir='ltr'>udo</span> <span class='ocrx_word' id='word_1_248' title='bbox 1117 2460 1209 2524; x_wconf 74' lang='lat' dir='ltr'>vacui</span> <span class='ocrx_word' id='word_1_249' title='bbox 1233 2458 1288 2525; x_wconf 86' lang='grc'>00</span> <span class='ocrx_word' id='word_1_250' title='bbox 1313 2482 1380 2526; x_wconf 92' lang='lat' dir='ltr'>non</span> <span class='ocrx_word' id='word_1_251' title='bbox 1404 2483 1462 2546; x_wconf 89' lang='lat' dir='ltr'>sup</span> <span class='ocrx_word' id='word_1_252' title='bbox 1463 2467 1521 2525; x_wconf 77' lang='lat' dir='ltr'>erat</span> 
     </span>
     <span class='ocr_line' id='line_1_26' title="bbox 207 2486 1521 2626; baseline 0.001 -14"><span class='ocrx_word' id='word_1_253' title='bbox 207 2547 370 2613; x_wconf 87' lang='lat' dir='ltr'>dimidiam</span> <span class='ocrx_word' id='word_1_254' title='bbox 399 2545 607 2613; x_wconf 84' lang='lat' dir='ltr'>differentiam</span> <span class='ocrx_word' id='word_1_255' title='bbox 633 2548 863 2614; x_wconf 88' lang='lat' dir='ltr'>diametrorum</span> <span class='ocrx_word' id='word_1_256' title='bbox 885 2547 953 2626; x_wconf 88' lang='grc' dir='ltr'>οι,</span> <span class='ocrx_word' id='word_1_257' title='bbox 976 2547 1047 2625; x_wconf 87' lang='lat' dir='ltr'>GE,</span> <span class='ocrx_word' id='word_1_258' title='bbox 1075 2546 1192 2612; x_wconf 83' lang='lat' dir='ltr'>sufficit</span> <span class='ocrx_word' id='word_1_259' title='bbox 1218 2547 1282 2614; x_wconf 91' lang='lat' dir='ltr'>hoc</span> <span class='ocrx_word' id='word_1_260' title='bbox 1310 2486 1462 2615; x_wconf 86' lang='lat' dir='ltr'>laborisp</span> <span class='ocrx_word' id='word_1_261' title='bbox 1488 2549 1521 2613; x_wconf 88' lang='grc' dir='ltr'>ιι</span> 
     </span>
     <span class='ocr_line' id='line_1_27' title="bbox 207 2635 1521 2721; baseline 0.001 -20"><span class='ocrx_word' id='word_1_262' title='bbox 207 2637 236 2701; x_wconf 90' lang='grc' dir='ltr'>ιι</span> <span class='ocrx_word' id='word_1_263' title='bbox 257 2641 400 2720; x_wconf 86' lang='lat' dir='ltr'>superat,</span> <span class='ocrx_word' id='word_1_264' title='bbox 425 2635 518 2700; x_wconf 89' lang='lat' dir='ltr'>labor</span> <span class='ocrx_word' id='word_1_265' title='bbox 535 2638 726 2719; x_wconf 90' lang='lat' dir='ltr'>geminatur.</span> <span class='ocrx_word' id='word_1_266' title='bbox 760 2637 963 2721; x_wconf 87' lang='lat' dir='ltr'>Segmentum</span> <span class='ocrx_word' id='word_1_267' title='bbox 982 2636 1065 2700; x_wconf 92' lang='lat' dir='ltr'>enim</span> <span class='ocrx_word' id='word_1_268' title='bbox 1081 2635 1152 2701; x_wconf 92' lang='lat' dir='ltr'>coni</span> <span class='ocrx_word' id='word_1_269' title='bbox 1173 2643 1250 2701; x_wconf 86' lang='lat' dir='ltr'>tunc</span> <span class='ocrx_word' id='word_1_270' title='bbox 1274 2640 1424 2704; x_wconf 86' lang='lat' dir='ltr'>excurrit</span> <span class='ocrx_word' id='word_1_271' title='bbox 1444 2639 1521 2704; x_wconf 79' lang='lat' dir='ltr'>ultra</span> 
     </span>
     <span class='ocr_line' id='line_1_28' title="bbox 207 2723 1520 2811; baseline 0 -22"><span class='ocrx_word' id='word_1_272' title='bbox 207 2729 356 2800; x_wconf 71' lang='lat' dir='ltr'>mancum</span> <span class='ocrx_word' id='word_1_273' title='bbox 379 2724 498 2790; x_wconf 85' lang='grc' dir='ltr'>0οΕ</span> <span class='ocrx_word' id='word_1_274' title='bbox 489 2745 523 2789; x_wconf 91' lang='grc' dir='ltr'>ιιι</span> <span class='ocrx_word' id='word_1_275' title='bbox 544 2748 660 2792; x_wconf 87' lang='lat' dir='ltr'>conum</span> <span class='ocrx_word' id='word_1_276' title='bbox 687 2724 770 2791; x_wconf 80' lang='lat' dir='ltr'>GBE</span> <span class='ocrx_word' id='word_1_277' title='bbox 798 2723 945 2790; x_wconf 88' lang='lat' dir='ltr'>deficient</span> <span class='ocrx_word' id='word_1_278' title='bbox 931 2731 1013 2790; x_wconf 92' lang='lat' dir='ltr'>t:em</span> <span class='ocrx_word' id='word_1_279' title='bbox 1044 2745 1144 2808; x_wconf 90' lang='lat' dir='ltr'>quare</span> <span class='ocrx_word' id='word_1_280' title='bbox 1169 2744 1248 2807; x_wconf 88' lang='lat' dir='ltr'>pare</span> <span class='ocrx_word' id='word_1_281' title='bbox 1281 2729 1353 2811; x_wconf 89' lang='lat' dir='ltr'>ejus</span> <span class='ocrx_word' id='word_1_282' title='bbox 1385 2728 1520 2793; x_wconf 83' lang='lat' dir='ltr'>deficiens</span> 
     </span>
     <span class='ocr_line' id='line_1_29' title="bbox 175 2808 1520 2899; baseline 0.003 -22"><span class='ocrx_word' id='word_1_283' title='bbox 175 2838 178 2845; x_wconf 92' lang='lat'><em>·</em></span> <span class='ocrx_word' id='word_1_284' title='bbox 207 2808 397 2896; x_wconf 88' lang='lat' dir='ltr'>inquirenda</span> <span class='ocrx_word' id='word_1_285' title='bbox 420 2820 452 2878; x_wconf 92' lang='lat' dir='ltr'>et</span> <span class='ocrx_word' id='word_1_286' title='bbox 475 2833 496 2877; x_wconf 91' lang='lat' dir='ltr'>a</span> <span class='ocrx_word' id='word_1_287' title='bbox 517 2822 681 2899; x_wconf 88' lang='lat' dir='ltr'>segmento</span> <span class='ocrx_word' id='word_1_288' title='bbox 708 2821 777 2880; x_wconf 90' lang='lat' dir='ltr'>toto</span> <span class='ocrx_word' id='word_1_289' title='bbox 803 2813 980 2878; x_wconf 83' lang='lat' dir='ltr'>auferenda</span> <span class='ocrx_word' id='word_1_290' title='bbox 1003 2814 1071 2878; x_wconf 86' lang='lat' dir='ltr'>erit.</span> <span class='ocrx_word' id='word_1_291' title='bbox 1117 2814 1217 2879; x_wconf 83' lang='lat' dir='ltr'>Aufer</span> <span class='ocrx_word' id='word_1_292' title='bbox 1238 2816 1340 2897; x_wconf 90' lang='lat' dir='ltr'>igitur</span> <span class='ocrx_word' id='word_1_293' title='bbox 1368 2816 1520 2881; x_wconf 78' lang='lat' dir='ltr'>dimidiam</span> 
     </span>
     <span class='ocr_line' id='line_1_30' title="bbox 208 2901 1521 2990; baseline 0.003 -24"><span class='ocrx_word' id='word_1_294' title='bbox 208 2901 431 2968; x_wconf 78' lang='lat' dir='ltr'>differentiam</span> <span class='ocrx_word' id='word_1_295' title='bbox 446 2901 674 2970; x_wconf 90' lang='lat' dir='ltr'>diametrorum</span> <span class='ocrx_word' id='word_1_296' title='bbox 689 2901 734 2967; x_wconf 88' lang='lat' dir='ltr'>ab</span> <span class='ocrx_word' id='word_1_297' title='bbox 750 2902 918 2968; x_wconf 86' lang='lat' dir='ltr'>altitudine</span> <span class='ocrx_word' id='word_1_298' title='bbox 940 2902 1088 2985; x_wconf 84' lang='lat' dir='ltr'>liquoris,</span> <span class='ocrx_word' id='word_1_299' title='bbox 1113 2922 1184 2966; x_wconf 90' lang='lat' dir='ltr'>cum</span> <span class='ocrx_word' id='word_1_300' title='bbox 1207 2903 1351 2983; x_wconf 86' lang='lat' dir='ltr'>residuo,</span> <span class='ocrx_word' id='word_1_301' title='bbox 1377 2912 1456 2990; x_wconf 77' lang='lat' dir='ltr'>tarrq</span> <span class='ocrx_word' id='word_1_302' title='bbox 1457 2925 1521 2969; x_wconf 87' lang='lat' dir='ltr'>nam</span> 
     </span>
     <span class='ocr_line' id='line_1_31' title="bbox 207 2929 1521 3078; baseline 0.002 -22"><span class='ocrx_word' id='word_1_303' title='bbox 207 2989 280 3056; x_wconf 84' lang='lat' dir='ltr'>sinu</span> <span class='ocrx_word' id='word_1_304' title='bbox 303 3011 405 3070; x_wconf 78' lang='lat' dir='ltr'>verso,</span> <span class='ocrx_word' id='word_1_305' title='bbox 435 2997 609 3074; x_wconf 87' lang='lat' dir='ltr'>quaeratur</span> <span class='ocrx_word' id='word_1_306' title='bbox 630 3012 707 3057; x_wconf 85' lang='lat' dir='ltr'>area</span> <span class='ocrx_word' id='word_1_307' title='bbox 736 2990 897 3075; x_wconf 88' lang='lat' dir='ltr'>segmenti</span> <span class='ocrx_word' id='word_1_308' title='bbox 919 2990 1005 3056; x_wconf 90' lang='lat' dir='ltr'>orbis</span> <span class='ocrx_word' id='word_1_309' title='bbox 1035 2991 1144 3072; x_wconf 87' lang='lat' dir='ltr'>lignei,</span> <span class='ocrx_word' id='word_1_310' title='bbox 1176 2992 1263 3075; x_wconf 90' lang='lat' dir='ltr'>qnod</span> <span class='ocrx_word' id='word_1_311' title='bbox 1295 2929 1456 3059; x_wconf 72' lang='lat' dir='ltr'>exstatuq</span> <span class='ocrx_word' id='word_1_312' title='bbox 1434 3013 1521 3078; x_wconf 84' lang='lat' dir='ltr'>supra</span> 
     </span>
     <span class='ocr_line' id='line_1_32' title="bbox 207 3077 1521 3163; baseline 0.004 -21"><span class='ocrx_word' id='word_1_313' title='bbox 207 3078 409 3163; x_wconf 87' lang='lat' dir='ltr'>superficiem</span> <span class='ocrx_word' id='word_1_314' title='bbox 431 3079 582 3163; x_wconf 83' lang='lat' dir='ltr'>liquoris3</span> <span class='ocrx_word' id='word_1_315' title='bbox 605 3081 807 3146; x_wconf 83' lang='lat' dir='ltr'>nanciscatur</span> <span class='ocrx_word' id='word_1_316' title='bbox 828 3085 935 3143; x_wconf 88' lang='lat' dir='ltr'>autem</span> <span class='ocrx_word' id='word_1_317' title='bbox 957 3079 1090 3144; x_wconf 90' lang='lat' dir='ltr'>eandem</span> <span class='ocrx_word' id='word_1_318' title='bbox 1112 3077 1344 3146; x_wconf 88' lang='lat' dir='ltr'>dimensionem</span> <span class='ocrx_word' id='word_1_319' title='bbox 1368 3105 1443 3147; x_wconf 84' lang='lat' dir='ltr'>cum</span> <span class='ocrx_word' id='word_1_320' title='bbox 1456 3101 1521 3146; x_wconf 82' lang='lat' dir='ltr'>area</span> 
     </span>
     <span class='ocr_line' id='line_1_33' title="bbox 208 3167 1519 3275; baseline 0.003 -45"><span class='ocrx_word' id='word_1_321' title='bbox 208 3168 360 3249; x_wconf 84' lang='lat' dir='ltr'>segmenti</span> <span class='ocrx_word' id='word_1_322' title='bbox 381 3169 469 3251; x_wconf 89' lang='lat' dir='ltr'>plani</span> <span class='ocrx_word' id='word_1_323' title='bbox 489 3171 620 3235; x_wconf 81' lang='lat' dir='ltr'>ventris.</span> <span class='ocrx_word' id='word_1_324' title='bbox 665 3169 754 3234; x_wconf 87' lang='lat' dir='ltr'>Tunc</span> <span class='ocrx_word' id='word_1_325' title='bbox 776 3189 859 3253; x_wconf 85' lang='lat' dir='ltr'>qnae</span> <span class='ocrx_word' id='word_1_326' title='bbox 881 3181 928 3233; x_wconf 90' lang='grc' dir='ltr'>ιιι</span> <span class='ocrx_word' id='word_1_327' title='bbox 943 3169 1176 3253; x_wconf 90' lang='lat' dir='ltr'>proportiot</span> <span class='ocrx_word' id='word_1_328' title='bbox 1129 3167 1176 3232; x_wconf 91' lang='lat' dir='ltr'>alt</span> <span class='ocrx_word' id='word_1_329' title='bbox 1176 3168 1309 3233; x_wconf 88' lang='lat' dir='ltr'>itudinis</span> <span class='ocrx_word' id='word_1_330' title='bbox 1333 3171 1468 3275; x_wconf 81' lang='lat' dir='ltr'>liquoris</span> <span class='ocrx_word' id='word_1_331' title='bbox 1487 3168 1519 3234; x_wconf 88' lang='lat' dir='ltr'>ad</span> 
     </span>
     <span class='ocr_line' id='line_1_34' title="bbox 208 3255 1520 3341; baseline 0.004 -21"><span class='ocrx_word' id='word_1_332' title='bbox 208 3276 372 3321; x_wconf 81' lang='lat' dir='ltr'>excessum</span> <span class='ocrx_word' id='word_1_333' title='bbox 402 3278 496 3323; x_wconf 89' lang='lat' dir='ltr'>suum</span> <span class='ocrx_word' id='word_1_334' title='bbox 523 3277 623 3341; x_wconf 83' lang='lat' dir='ltr'>supra</span> <span class='ocrx_word' id='word_1_335' title='bbox 652 3257 814 3324; x_wconf 89' lang='lat' dir='ltr'>dimidiam</span> <span class='ocrx_word' id='word_1_336' title='bbox 844 3255 1073 3321; x_wconf 86' lang='lat' dir='ltr'>diametrorum</span> <span class='ocrx_word' id='word_1_337' title='bbox 1103 3255 1374 3338; x_wconf 85' lang='lat' dir='ltr'>differentiam,</span> <span class='ocrx_word' id='word_1_338' title='bbox 1364 3283 1399 3325; x_wconf 88' lang='grc' dir='ltr'>ιιι</span> <span class='ocrx_word' id='word_1_339' title='bbox 1422 3259 1520 3325; x_wconf 80' lang='lat' dir='ltr'>eadem</span> 
     </span>
     <span class='ocr_line' id='line_1_35' title="bbox 209 3344 1521 3449; baseline 0.002 -41"><span class='ocrx_word' id='word_1_340' title='bbox 209 3346 416 3428; x_wconf 88' lang='lat' dir='ltr'>proportione</span> <span class='ocrx_word' id='word_1_341' title='bbox 444 3346 599 3412; x_wconf 89' lang='lat' dir='ltr'>admetire</span> <span class='ocrx_word' id='word_1_342' title='bbox 624 3346 700 3411; x_wconf 91' lang='lat' dir='ltr'>huic</span> <span class='ocrx_word' id='word_1_343' title='bbox 722 3345 838 3411; x_wconf 89' lang='lat' dir='ltr'>minori</span> <span class='ocrx_word' id='word_1_344' title='bbox 864 3351 1027 3449; x_wconf 81' lang='lat' dir='ltr'>segmento</span> <span class='ocrx_word' id='word_1_345' title='bbox 1050 3344 1135 3410; x_wconf 85' lang='lat' dir='ltr'>orbis</span> <span class='ocrx_word' id='word_1_346' title='bbox 1162 3345 1255 3428; x_wconf 91' lang='lat' dir='ltr'>lignei</span> <span class='ocrx_word' id='word_1_347' title='bbox 1286 3350 1469 3431; x_wconf 87' lang='lat' dir='ltr'>portionem</span> <span class='ocrx_word' id='word_1_348' title='bbox 1488 3349 1521 3412; x_wconf 89' lang='lat' dir='ltr'>de</span> 
     </span>
     <span class='ocr_line' id='line_1_36' title="bbox 208 3432 1521 3521; baseline 0.003 -25"><span class='ocrx_word' id='word_1_349' title='bbox 208 3432 293 3498; x_wconf 89' lang='lat' dir='ltr'>linea</span> <span class='ocrx_word' id='word_1_350' title='bbox 315 3432 383 3515; x_wconf 89' lang='lat' dir='ltr'>0Z,</span> <span class='ocrx_word' id='word_1_351' title='bbox 415 3439 503 3520; x_wconf 88' lang='lat' dir='ltr'>eujus</span> <span class='ocrx_word' id='word_1_352' title='bbox 530 3436 661 3502; x_wconf 81' lang='lat' dir='ltr'>&#39;tertiam</span> <span class='ocrx_word' id='word_1_353' title='bbox 690 3443 816 3521; x_wconf 90' lang='lat' dir='ltr'>partem</span> <span class='ocrx_word' id='word_1_354' title='bbox 845 3434 949 3499; x_wconf 92' lang='lat' dir='ltr'>duc</span> <span class='ocrx_word' id='word_1_355' title='bbox 939 3456 972 3499; x_wconf 91' lang='lat' dir='ltr'>m</span> <span class='ocrx_word' id='word_1_356' title='bbox 998 3440 1197 3517; x_wconf 88' lang='lat' dir='ltr'>segmentum</span> <span class='ocrx_word' id='word_1_357' title='bbox 1226 3434 1325 3517; x_wconf 88' lang='lat' dir='ltr'>lignei</span> <span class='ocrx_word' id='word_1_358' title='bbox 1356 3437 1445 3502; x_wconf 87' lang='lat' dir='ltr'>orbis</span> <span class='ocrx_word' id='word_1_359' title='bbox 1471 3457 1521 3520; x_wconf 91' lang='lat' dir='ltr'>pro</span> 
     </span>
     <span class='ocr_line' id='line_1_37' title="bbox 208 3521 1521 3626; baseline 0.005 -40"><span class='ocrx_word' id='word_1_360' title='bbox 208 3521 371 3587; x_wconf 87' lang='lat' dir='ltr'>soliditate</span> <span class='ocrx_word' id='word_1_361' title='bbox 393 3524 495 3626; x_wconf 83' lang='lat' dir='ltr'>partis</span> <span class='ocrx_word' id='word_1_362' title='bbox 518 3524 558 3590; x_wconf 94' lang='lat' dir='ltr'>de</span> <span class='ocrx_word' id='word_1_363' title='bbox 580 3524 688 3590; x_wconf 86' lang='lat' dir='ltr'>conice</span> <span class='ocrx_word' id='word_1_364' title='bbox 711 3529 873 3607; x_wconf 87' lang='lat' dir='ltr'>segmento</span> <span class='ocrx_word' id='word_1_365' title='bbox 895 3521 1085 3588; x_wconf 88' lang='lat' dir='ltr'>deficientis:</span> <span class='ocrx_word' id='word_1_366' title='bbox 1108 3543 1172 3606; x_wconf 86' lang='lat' dir='ltr'>qua</span> <span class='ocrx_word' id='word_1_367' title='bbox 1194 3522 1309 3616; x_wconf 86' lang='lat' dir='ltr'>ablata</span> <span class='ocrx_word' id='word_1_368' title='bbox 1332 3533 1444 3592; x_wconf 86' lang='lat' dir='ltr'>atoto</span> <span class='ocrx_word' id='word_1_369' title='bbox 1464 3546 1521 3608; x_wconf 84' lang='lat' dir='ltr'>seg·</span> 
     </span>
     <span class='ocr_line' id='line_1_38' title="bbox 208 3612 1352 3714; baseline 0.002 -40"><span class='ocrx_word' id='word_1_370' title='bbox 208 3617 315 3677; x_wconf 86' lang='lat' dir='ltr'>mento</span> <span class='ocrx_word' id='word_1_371' title='bbox 338 3612 455 3692; x_wconf 86' lang='lat' dir='ltr'>conice,</span> <span class='ocrx_word' id='word_1_372' title='bbox 479 3613 669 3696; x_wconf 91' lang='lat' dir='ltr'>relinquitur</span> <span class='ocrx_word' id='word_1_373' title='bbox 691 3618 885 3714; x_wconf 79' lang='lat' dir='ltr'>segmentum</span> <span class='ocrx_word' id='word_1_374' title='bbox 908 3612 1014 3677; x_wconf 89' lang='lat' dir='ltr'>trunci</span> <span class='ocrx_word' id='word_1_375' title='bbox 1034 3612 1198 3676; x_wconf 88' lang='lat' dir='ltr'>inanitum.</span> <span class='ocrx_word' id='word_1_376' title='bbox 1351 3638 1352 3641; x_wconf 42' lang='lat'>¹</span> 
     </span>
    </p>

    <p class='ocr_par' dir='ltr' id='par_1_4' title="bbox 197 3699 1523 4051">
     <span class='ocr_line' id='line_1_39' title="bbox 297 3699 1523 3787; baseline 0.002 -23"><span class='ocrx_word' id='word_1_377' title='bbox 297 3699 440 3783; x_wconf 89' lang='lat' dir='ltr'>Denique</span> <span class='ocrx_word' id='word_1_378' title='bbox 470 3702 496 3766; x_wconf 88' lang='grc' dir='ltr'>ιι</span> <span class='ocrx_word' id='word_1_379' title='bbox 526 3700 585 3766; x_wconf 90' lang='lat' dir='ltr'>tibi</span> <span class='ocrx_word' id='word_1_380' title='bbox 615 3701 761 3784; x_wconf 88' lang='lat' dir='ltr'>cognitus</span> <span class='ocrx_word' id='word_1_381' title='bbox 791 3708 839 3765; x_wconf 89' lang='lat' dir='ltr'>est</span> <span class='ocrx_word' id='word_1_382' title='bbox 869 3720 1021 3765; x_wconf 90' lang='lat' dir='ltr'>numerus</span> <span class='ocrx_word' id='word_1_383' title='bbox 1051 3719 1294 3782; x_wconf 84' lang='lat' dir='ltr'>mensurarum,</span> <span class='ocrx_word' id='word_1_384' title='bbox 1329 3724 1415 3787; x_wconf 88' lang='lat' dir='ltr'>quas</span> <span class='ocrx_word' id='word_1_385' title='bbox 1448 3703 1523 3786; x_wconf 83' lang='lat' dir='ltr'>capit</span> 
     </span>
     <span class='ocr_line' id='line_1_40' title="bbox 208 3785 1522 3873; baseline 0.002 -22"><span class='ocrx_word' id='word_1_386' title='bbox 208 3785 331 3852; x_wconf 92' lang='lat' dir='ltr'>dolium</span> <span class='ocrx_word' id='word_1_387' title='bbox 353 3792 466 3868; x_wconf 87' lang='lat' dir='ltr'>totum,</span> <span class='ocrx_word' id='word_1_388' title='bbox 490 3810 563 3855; x_wconf 88' lang='lat' dir='ltr'>eum</span> <span class='ocrx_word' id='word_1_389' title='bbox 584 3789 812 3873; x_wconf 84' lang='lat' dir='ltr'>multiplicem</span> <span class='ocrx_word' id='word_1_390' title='bbox 828 3796 1021 3871; x_wconf 89' lang='lat' dir='ltr'>segmentum</span> <span class='ocrx_word' id='word_1_391' title='bbox 1043 3789 1157 3862; x_wconf 84' lang='lat' dir='ltr'>trunci</span> <span class='ocrx_word' id='word_1_392' title='bbox 1181 3789 1232 3853; x_wconf 83' lang='lat' dir='ltr'>rel</span> <span class='ocrx_word' id='word_1_393' title='bbox 1249 3811 1320 3855; x_wconf 90' lang='lat' dir='ltr'>una</span> <span class='ocrx_word' id='word_1_394' title='bbox 1339 3793 1393 3857; x_wconf 77' lang='lat' dir='ltr'>rel</span> <span class='ocrx_word' id='word_1_395' title='bbox 1408 3792 1522 3857; x_wconf 84' lang='lat' dir='ltr'>duabus</span> 
     </span>
     <span class='ocr_line' id='line_1_41' title="bbox 209 3876 1521 3961; baseline 0.005 -21"><span class='ocrx_word' id='word_1_396' title='bbox 209 3876 446 3958; x_wconf 88' lang='lat' dir='ltr'>operationibus</span> <span class='ocrx_word' id='word_1_397' title='bbox 475 3879 655 3958; x_wconf 84' lang='lat' dir='ltr'>inventum,</span> <span class='ocrx_word' id='word_1_398' title='bbox 686 3878 806 3943; x_wconf 82' lang='lat' dir='ltr'>iactum</span> <span class='ocrx_word' id='word_1_399' title='bbox 837 3877 941 3942; x_wconf 84' lang='lat' dir='ltr'>divide</span> <span class='ocrx_word' id='word_1_400' title='bbox 970 3898 1031 3961; x_wconf 88' lang='lat' dir='ltr'>per</span> <span class='ocrx_word' id='word_1_401' title='bbox 1059 3877 1252 3943; x_wconf 85' lang='lat' dir='ltr'>soliditatem</span> <span class='ocrx_word' id='word_1_402' title='bbox 1283 3883 1395 3947; x_wconf 85' lang='lat' dir='ltr'>trunci</span> <span class='ocrx_word' id='word_1_403' title='bbox 1425 3883 1521 3957; x_wconf 80' lang='lat' dir='ltr'>totius,</span> 
     </span>
     <span class='ocr_line' id='line_1_42' title="bbox 197 3959 1366 4051; baseline -0.001 -18"><span class='ocrx_word' id='word_1_404' title='bbox 197 3959 381 4048; x_wconf 78' lang='lat' dir='ltr'>‘prodibit</span> <span class='ocrx_word' id='word_1_405' title='bbox 371 3987 404 4030; x_wconf 91' lang='lat' dir='ltr'>m</span> <span class='ocrx_word' id='word_1_406' title='bbox 428 3967 591 4051; x_wconf 88' lang='lat' dir='ltr'>quotiente</span> <span class='ocrx_word' id='word_1_407' title='bbox 613 3985 763 4032; x_wconf 91' lang='lat' dir='ltr'>numerus</span> <span class='ocrx_word' id='word_1_408' title='bbox 785 3986 1013 4047; x_wconf 86' lang='lat' dir='ltr'>mensurarum,</span> <span class='ocrx_word' id='word_1_409' title='bbox 1037 3987 1122 4050; x_wconf 89' lang='lat' dir='ltr'>quae</span> <span class='ocrx_word' id='word_1_410' title='bbox 1145 3965 1366 4033; x_wconf 85' lang='lat' dir='ltr'>defluxerunt.</span> 
     </span>
    </p>

    <p class='ocr_par' dir='ltr' id='par_1_5' title="bbox 299 4052 1522 4160">
     <span class='ocr_line' id='line_1_43' title="bbox 299 4052 1522 4160; baseline 0.003 -42"><span class='ocrx_word' id='word_1_411' title='bbox 299 4052 377 4118; x_wconf 79' lang='lat' dir='ltr'>Cum</span> <span class='ocrx_word' id='word_1_412' title='bbox 399 4061 508 4120; x_wconf 87' lang='lat' dir='ltr'>autem</span> <span class='ocrx_word' id='word_1_413' title='bbox 530 4062 564 4121; x_wconf 90' lang='lat' dir='ltr'>et</span> <span class='ocrx_word' id='word_1_414' title='bbox 584 4055 637 4121; x_wconf 90' lang='lat' dir='ltr'>hic</span> <span class='ocrx_word' id='word_1_415' title='bbox 661 4062 694 4120; x_wconf 90' lang='lat' dir='ltr'>et</span> <span class='ocrx_word' id='word_1_416' title='bbox 715 4076 815 4140; x_wconf 90' lang='lat' dir='ltr'>supra</span> <span class='ocrx_word' id='word_1_417' title='bbox 836 4056 963 4160; x_wconf 86' lang='lat' dir='ltr'>saepius</span> <span class='ocrx_word' id='word_1_418' title='bbox 985 4076 1045 4120; x_wconf 91' lang='lat' dir='ltr'>usu</span> <span class='ocrx_word' id='word_1_419' title='bbox 1066 4056 1182 4136; x_wconf 76' lang='lat' dir='ltr'>ueniat,</span> <span class='ocrx_word' id='word_1_420' title='bbox 1206 4062 1245 4120; x_wconf 86' lang='lat' dir='ltr'>ut</span> <span class='ocrx_word' id='word_1_421' title='bbox 1259 4057 1449 4141; x_wconf 79' lang='lat' dir='ltr'>quaerenda</span> <span class='ocrx_word' id='word_1_422' title='bbox 1468 4059 1522 4122; x_wconf 82' lang='lat' dir='ltr'>sint</span> 
     </span>
    </p>
   </div>
   <div class='ocr_carea' id='block_1_3' title="bbox 111 4140 1521 4765">
    <p class='ocr_par' dir='ltr' id='par_1_6' title="bbox 111 4140 1521 4231">
     <span class='ocr_line' id='line_1_44' title="bbox 111 4140 1521 4231; baseline 0.004 -26"><span class='ocrx_word' id='word_1_423' title='bbox 111 4225 114 4229; x_wconf 16' lang='grc' dir='ltr'><strong>Δ</strong></span> <span class='ocrx_word' id='word_1_424' title='bbox 209 4149 375 4225; x_wconf 85' lang='lat' dir='ltr'>segmenta</span> <span class='ocrx_word' id='word_1_425' title='bbox 404 4144 596 4211; x_wconf 87' lang='lat' dir='ltr'>circulorum</span> <span class='ocrx_word' id='word_1_426' title='bbox 626 4144 794 4228; x_wconf 78' lang='lat' dir='ltr'>persinas</span> <span class='ocrx_word' id='word_1_427' title='bbox 820 4140 926 4209; x_wconf 83' lang='lat' dir='ltr'>verso&#39;s</span> <span class='ocrx_word' id='word_1_428' title='bbox 955 4143 1159 4209; x_wconf 90' lang='lat' dir='ltr'>dimidiornm</span> <span class='ocrx_word' id='word_1_429' title='bbox 1181 4165 1339 4226; x_wconf 86' lang='lat' dir='ltr'>arcuum,</span> <span class='ocrx_word' id='word_1_430' title='bbox 1372 4168 1456 4231; x_wconf 79' lang='lat' dir='ltr'>qnae</span> <span class='ocrx_word' id='word_1_431' title='bbox 1479 4165 1521 4210; x_wconf 83' lang='grc' dir='ltr'>ιιι</span> 
     </span>
    </p>

    <p class='ocr_par' dir='ltr' id='par_1_7' title="bbox 209 4228 1520 4765">
     <span class='ocr_line' id='line_1_45' title="bbox 209 4228 1519 4316; baseline 0.005 -22"><span class='ocrx_word' id='word_1_432' title='bbox 209 4228 371 4295; x_wconf 89' lang='lat' dir='ltr'>molestias</span> <span class='ocrx_word' id='word_1_433' title='bbox 392 4252 525 4314; x_wconf 86' lang='lat' dir='ltr'>magnas</span> <span class='ocrx_word' id='word_1_434' title='bbox 546 4240 644 4312; x_wconf 82' lang='lat' dir='ltr'>creat,</span> <span class='ocrx_word' id='word_1_435' title='bbox 667 4237 706 4297; x_wconf 90' lang='lat' dir='ltr'>ut</span> <span class='ocrx_word' id='word_1_436' title='bbox 719 4233 779 4298; x_wconf 85' lang='lat' dir='ltr'>hac</span> <span class='ocrx_word' id='word_1_437' title='bbox 793 4239 826 4297; x_wconf 93' lang='grc' dir='ltr'>ιι</span> <span class='ocrx_word' id='word_1_438' title='bbox 842 4232 989 4298; x_wconf 89' lang='lat' dir='ltr'>molestia</span> <span class='ocrx_word' id='word_1_439' title='bbox 1004 4253 1041 4298; x_wconf 82' lang='lat' dir='ltr'>ex</span> <span class='ocrx_word' id='word_1_440' title='bbox 1055 4239 1148 4316; x_wconf 83' lang='lat' dir='ltr'>parte</span> <span class='ocrx_word' id='word_1_441' title='bbox 1169 4231 1354 4314; x_wconf 85' lang='lat' dir='ltr'>liberarem,</span> <span class='ocrx_word' id='word_1_442' title='bbox 1378 4235 1519 4301; x_wconf 79' lang='lat' dir='ltr'>tabellam</span> 
     </span>
     <span class='ocr_line' id='line_1_46' title="bbox 210 4319 1519 4409; baseline 0.006 -26"><span class='ocrx_word' id='word_1_443' title='bbox 210 4319 262 4384; x_wconf 88' lang='lat' dir='ltr'>hic</span> <span class='ocrx_word' id='word_1_444' title='bbox 284 4319 419 4399; x_wconf 87' lang='lat' dir='ltr'>conieci,</span> <span class='ocrx_word' id='word_1_445' title='bbox 451 4341 535 4404; x_wconf 89' lang='lat' dir='ltr'>quae</span> <span class='ocrx_word' id='word_1_446' title='bbox 557 4322 686 4405; x_wconf 87' lang='lat' dir='ltr'>singulis</span> <span class='ocrx_word' id='word_1_447' title='bbox 715 4321 894 4387; x_wconf 87' lang='lat' dir='ltr'>centesimis</span> <span class='ocrx_word' id='word_1_448' title='bbox 923 4320 1067 4404; x_wconf 89' lang='lat' dir='ltr'>partibus</span> <span class='ocrx_word' id='word_1_449' title='bbox 1094 4322 1182 4406; x_wconf 82' lang='lat' dir='ltr'>sinus</span> <span class='ocrx_word' id='word_1_450' title='bbox 1208 4323 1294 4388; x_wconf 82' lang='lat' dir='ltr'>versi</span> <span class='ocrx_word' id='word_1_451' title='bbox 1317 4345 1374 4390; x_wconf 85' lang='lat' dir='ltr'>seu</span> <span class='ocrx_word' id='word_1_452' title='bbox 1397 4326 1519 4409; x_wconf 77' lang='lat' dir='ltr'>sagittae</span> 
     </span>
     <span class='ocr_line' id='line_1_47' title="bbox 211 4411 1520 4496; baseline 0.002 -23"><span class='ocrx_word' id='word_1_453' title='bbox 211 4428 232 4473; x_wconf 89' lang='lat' dir='ltr'>a</span> <span class='ocrx_word' id='word_1_454' title='bbox 254 4427 382 4474; x_wconf 88' lang='lat' dir='ltr'>summo·</span> <span class='ocrx_word' id='word_1_455' title='bbox 408 4429 517 4474; x_wconf 87' lang='lat' dir='ltr'>versus</span> <span class='ocrx_word' id='word_1_456' title='bbox 548 4415 693 4476; x_wconf 82' lang='lat' dir='ltr'>centrum</span> <span class='ocrx_word' id='word_1_457' title='bbox 710 4411 864 4492; x_wconf 80' lang='lat' dir='ltr'>assignat</span> <span class='ocrx_word' id='word_1_458' title='bbox 895 4412 1110 4493; x_wconf 89' lang='lat' dir='ltr'>quantitatem</span> <span class='ocrx_word' id='word_1_459' title='bbox 1137 4431 1233 4476; x_wconf 84' lang='lat' dir='ltr'>aneae</span> <span class='ocrx_word' id='word_1_460' title='bbox 1264 4415 1421 4496; x_wconf 87' lang='lat' dir='ltr'>segmenti</span> <span class='ocrx_word' id='word_1_461' title='bbox 1442 4415 1469 4479; x_wconf 91' lang='lat' dir='ltr'>in</span> <span class='ocrx_word' id='word_1_462' title='bbox 1488 4430 1520 4475; x_wconf 79' lang='lat' dir='ltr'>eo</span> 
     </span>
     <span class='ocr_line' id='line_1_48' title="bbox 212 4498 1518 4582; baseline 0.005 -23"><span class='ocrx_word' id='word_1_463' title='bbox 212 4499 425 4580; x_wconf 85' lang='lat' dir='ltr'>proportione,</span> <span class='ocrx_word' id='word_1_464' title='bbox 449 4503 486 4562; x_wconf 91' lang='lat' dir='ltr'>ut</span> <span class='ocrx_word' id='word_1_465' title='bbox 508 4499 617 4564; x_wconf 89' lang='lat' dir='ltr'>circuli</span> <span class='ocrx_word' id='word_1_466' title='bbox 638 4498 723 4563; x_wconf 87' lang='lat' dir='ltr'>illius</span> <span class='ocrx_word' id='word_1_467' title='bbox 746 4500 844 4564; x_wconf 88' lang='lat' dir='ltr'>totius</span> <span class='ocrx_word' id='word_1_468' title='bbox 867 4519 945 4563; x_wconf 89' lang='lat' dir='ltr'>area</span> <span class='ocrx_word' id='word_1_469' title='bbox 966 4499 1051 4564; x_wconf 84' lang='lat' dir='ltr'>valet</span> <span class='ocrx_word' id='word_1_470' title='bbox 1077 4506 1186 4582; x_wconf 66' lang='lat' dir='ltr'>partes</span> <span class='ocrx_word' id='word_1_471' title='bbox 1210 4506 1342 4578; x_wconf 78' lang='lat'>15710:</span> <span class='ocrx_word' id='word_1_472' title='bbox 1369 4524 1429 4569; x_wconf 85' lang='lat' dir='ltr'>nec</span> <span class='ocrx_word' id='word_1_473' title='bbox 1447 4502 1518 4566; x_wconf 87' lang='lat' dir='ltr'>enim</span> 
     </span>
     <span class='ocr_line' id='line_1_49' title="bbox 212 4586 1516 4675; baseline 0.005 -27"><span class='ocrx_word' id='word_1_474' title='bbox 212 4586 318 4668; x_wconf 90' lang='lat' dir='ltr'>aptior</span> <span class='ocrx_word' id='word_1_475' title='bbox 339 4607 489 4652; x_wconf 88' lang='lat' dir='ltr'>numerus</span> <span class='ocrx_word' id='word_1_476' title='bbox 511 4588 588 4653; x_wconf 91' lang='lat' dir='ltr'>mihi</span> <span class='ocrx_word' id='word_1_477' title='bbox 611 4587 714 4665; x_wconf 81' lang='lat' dir='ltr'>exivit,</span> <span class='ocrx_word' id='word_1_478' title='bbox 740 4588 841 4653; x_wconf 89' lang='lat' dir='ltr'>utenti</span> <span class='ocrx_word' id='word_1_479' title='bbox 863 4587 949 4652; x_wconf 86' lang='lat' dir='ltr'>facili</span> <span class='ocrx_word' id='word_1_480' title='bbox 972 4594 1003 4653; x_wconf 89' lang='lat' dir='ltr'>et</span> <span class='ocrx_word' id='word_1_481' title='bbox 1026 4588 1173 4671; x_wconf 83' lang='lat' dir='ltr'>expedita</span> <span class='ocrx_word' id='word_1_482' title='bbox 1194 4589 1249 4654; x_wconf 87' lang='lat' dir='ltr'>via</span> <span class='ocrx_word' id='word_1_483' title='bbox 1265 4592 1516 4675; x_wconf 78' lang='lat' dir='ltr'>computationis3</span> 
     </span>
     <span class='ocr_line' id='line_1_50' title="bbox 213 4675 1406 4765; baseline 0.008 -27"><span class='ocrx_word' id='word_1_484' title='bbox 213 4693 272 4738; x_wconf 87' lang='lat' dir='ltr'>neo</span> <span class='ocrx_word' id='word_1_485' title='bbox 293 4695 377 4742; x_wconf 90' lang='lat' dir='ltr'>nunc</span> <span class='ocrx_word' id='word_1_486' title='bbox 398 4683 500 4765; x_wconf 74' lang='lat' dir='ltr'>uacat,</span> <span class='ocrx_word' id='word_1_487' title='bbox 525 4675 611 4745; x_wconf 91' lang='lat' dir='ltr'>hunc</span> <span class='ocrx_word' id='word_1_488' title='bbox 633 4689 801 4744; x_wconf 88' lang='lat' dir='ltr'>numerum</span> <span class='ocrx_word' id='word_1_489' title='bbox 823 4697 895 4744; x_wconf 89' lang='lat' dir='ltr'>cum</span> <span class='ocrx_word' id='word_1_490' title='bbox 916 4676 1055 4746; x_wconf 87' lang='lat' dir='ltr'>rotundo</span> <span class='ocrx_word' id='word_1_491' title='bbox 1077 4676 1183 4764; x_wconf 87' lang='lat' dir='ltr'>aliquo</span> <span class='ocrx_word' id='word_1_492' title='bbox 1207 4687 1406 4764; x_wconf 86' lang='lat' dir='ltr'>permutare.</span> 
     </span>
    </p>
   </div>
   <div class='ocr_carea' id='block_1_4' title="bbox 0 0 1583 5482">
    <p class='ocr_par' dir='ltr' id='par_1_8' title="bbox 0 0 1583 5482">
     <span class='ocr_line' id='line_1_51' title="bbox 0 0 1583 5482; baseline 0 0"><span class='ocrx_word' id='word_1_493' title='bbox 0 0 1583 5482; x_wconf 95' lang='lat' dir='ltr'> </span> 
     </span>
    </p>
   </div>
  </div>
 </body>
</html>
