3194 5482
595 300 635 354 De
648 299 796 353 Calmdmh
807 300 965 368 Gregoriano.
1050 303 1054 310 '
1227 316 1228 323 ¹
1402 320 1406 332 =
1426 282 1447 352 9

196 449 230 511 Ρ.
239 446 269 510 S.
284 433 463 511 'Praeterire
473 465 534 509 non
548 464 681 527 possum,
697 444 766 527 quin
775 444 997 520 eddamlibroe
1013 444 1119 528 quibus
1128 447 1310 513 Maestliuns
1326 447 1446 513 omuino

113 557 186 619 opus
201 537 310 611 habet,
331 544 367 599 ut
380 535 538 598 materiam
554 555 592 597 ex
606 541 707 598 mente
723 548 778 597 sua
793 535 911 609 tradet,
927 535 953 597 si
968 536 1052 599 forta
1062 537 1231 600 consultum
1244 538 1391 619 videatur,
1413 546 1448 602 ut

113 647 147 688 ex
162 626 278 706 publico
290 625 415 706 juvetur
429 627 467 688 D.
482 624 671 687 Maestlinue.

156 710 188 798 1)
211 714 310 779 (ilarii
333 715 564 797 explicationem
587 712 759 777 calendarii
782 711 972 793 Gregoriaui.
1013 712 1146 778 Constat
1173 714 1241 780 bii.
1280 715 1373 779 Edita
1397 724 1447 780 est
1478 717 1480 720 ⁴
1531 799 1532 805 ἵ

210 813 283 867 ante
300 825 397 868 annos
411 805 441 868 3.
471 804 581 867 Procul
597 802 686 866 dubio
702 801 825 868 Clarius
840 802 937 865 voluit
951 811 1144 885 exspectare,
1155 806 1252 870 donec
1265 804 1446 871 Maestliuus

210 893 357 976 prodiret.

99 988 102 997 '
152 977 186 1063 2)
211 982 311 1047 Olavii
327 991 434 1046 contra
447 982 477 1045 J.
493 981 689 1063 scaligerum.
718 980 835 1044 Romae
850 981 880 1043 iu
896 980 926 1043 8.

152 1067 187 1153 3)
208 1073 355 1153 Ejusdem
372 1070 470 1136 ctavii
486 1080 593 1134 contra
608 1069 804 1151 Scaligerum.
833 1070 1010 1151 Mogontiae
1025 1068 1056 1132 in
1072 1069 1101 1132 4.

150 1157 187 1241 4)
211 1161 577 1242 Scaligeri‘commcntnm
591 1161 622 1223 in
637 1161 777 1223 isaacum
790 1160 952 1242 Argyrum.

151 1247 186 1329 5)
210 1250 360 1330 Scaligeri
377 1251 414 1313 de
425 1250 634 1313 emendatione
650 1256 819 1331 tempomm
833 1248 996 1312 editionem
1011 1249 1217 1330 posteriorem.
1242 1248 1380 1321 ,Constat
1391 1249 1445 1313 6fl.

154 1335 189 1418 6)
212 1340 337 1402 Eusebii
353 1340 524 1415 chronicon,
541 1359 608 1402 cum
623 1338 787 1402 canonibus
802 1337 965 1420 isagogicis
981 1337 1138 1420 Scaligeri.
1169 1338 1302 1403 Constat
1319 1341 1359 1401 10
1369 1339 1397 1401 ii.

80 1474 81 1477 ,
156 1424 193 1510 7)
215 1429 343 1511 Aliquot
358 1438 457 1492 tomos
472 1430 636 1493 Annalium
651 1428 799 1524 ecclesiae
820 1474 828 1491 .
851 1475 859 1492 .
881 1475 889 1491 .
913 1427 1057 1492 Caesaris
1071 1427 1195 1491 Barouii
1211 1428 1393 1493 cardinalis.
1439 1426 1441 1431 ’

172 1613 324 1666 hiaestiinns
335 1616 412 1666 aliam
423 1617 500 1665 morit
511 1616 682 1680 quaestionem
693 1613 905 1680 chronologicam,
925 1615 950 1667 in
962 1628 1037 1681 quam
1054 1616 1117 1666 iorte
1134 1615 1257 1666 inciderat
1275 1617 1301 1667 in
1313 1616 1401 1667 studiis
1413 1617 1447 1666 ad

111 1688 282 1738 crimmum
293 1688 487 1752 pertinentibus,
504 1701 580 1752 quarn
591 1686 716 1752 lieplerus
727 1700 794 1737 more
806 1702 851 1737 sno
863 1686 936 1740 aride
948 1687 1051 1752 arripuit
1068 1694 1094 1737 et
1105 1687 1131 1737 iu
1142 1687 1233 1746 litorh,
1253 1701 1319 1753 quae
1330 1687 1396 1740 inira
1406 1703 1445 1740 aa·

108 1765 220 1824 qarmtur,
231 1758 344 1823 pluribus
352 1761 491 1811 examinat.
516 1757 836 1822 Cumreroinpraemissis
848 1759 1000 1809 sententiam
1012 1758 1117 1823 Kepleri
1128 1758 1159 1808 de
1173 1758 1320 1811 calendario
1330 1759 1445 1825 Gregori-
1480 1757 1481 1760 ’
1567 1758 1569 1762 ’

108 1845 152 1881 rao
163 1832 375 1895 proposuerimus,
393 1831 462 1882 haud
475 1830 586 1880 alienum
600 1824 727 1886 duximus,
747 1843 780 1880 ea
797 1843 862 1894 quae
879 1829 1003 1894 Keplerus
1021 1830 1116 1896 aliquot
1133 1831 1204 1880 annis
1219 1836 1276 1894 post
1292 1831 1445 1894 oomcdpsit,

109 1902 251 1968 adiungere.
282 1901 371 1953 Insunt
388 1903 562 1966 manuscriptis
580 1899 773 1952 Polhorensibus
791 1902 839 1952 duo
856 1901 983 1960 fasciculi,
997 1904 1045 1966 'qui
1061 1900 1179 1952 exhibent
1189 1900 1295 1966 Kepleri
1312 1902 1343 1953 de
1356 1900 1445 1952 Calen-

109 1973 174 2023 dario
187 1972 340 2039 Gregoriauo
352 1975 518 2032 senteutiam,
539 1972 669 2036 conscripti
681 1971 848 2036 sdpublicanr
860 1987 948 2031 usum,
965 1986 1048 2038 neque
1065 1986 1122 2024 vero
1140 1972 1172 2022 ab
1191 1973 1244 2037 ipso
1255 1973 1339 2038 proclo
1351 1973 1446 2030 traditi,

105 2051 207 2109 uterqm
233 2044 321 2109 lingua
345 2046 497 2110 conscriptus
524 2044 681 2094 Germanica.
719 2043 791 2093 Alter
809 2042 877 2094 haud
899 2046 950 2094 ecio
968 2057 1001 2094 an
1019 2046 1090 2107 iussn
1107 2043 1269 2112 Imperatoris
1294 2046 1446 2108 comonpns
1554 2106 1559 2113 s

107 2130 137 2166 an
145 2118 218 2178 iussu
230 2116 424 2167 consibariorrrrn
436 2116 586 2173 aulicorum,
603 2115 681 2166 retert
693 2128 795 2173 musas,
813 2128 878 2180 qaae
896 2115 927 2165 ab
939 2115 1094 2180 imperatore
1109 2129 1153 2178 pro
1169 2114 1310 2180 recipiendo
1322 2130 1383 2166 noro
1396 2114 1444 2184 ca-

105 2187 212 2237 lendario
224 2188 421 2252 repugnantibus
438 2187 594 2238 Eiectoribns
612 2187 699 2251 opponi
711 2188 819 2252 possint,
838 2187 918 2244 altor,
940 2201 1013 2253 quern
1031 2183 1200 2252 ,Dialogum“
1213 2189 1350 2252 inscripsit,
1363 2187 1445 2250 dispo:

104 2264 184 2308 tantas
202 2259 305 2309 exbibet
321 2258 456 2309 catholicoe
476 2264 503 2309 et
520 2257 677 2309 Lutherauos
696 2258 727 2308 de
747 2258 826 2308 tonna
842 2257 984 2310 calendarii
1000 2259 1057 2309 nori
1072 2265 1099 2307 et
1115 2258 1146 2308 do
1166 2260 1264 2317 oaush,
1283 2272 1349 2325 quae
1361 2272 1445 2308 emen-

104 2329 210 2379 dandum
220 2330 396 2380 Calendarium
405 2329 533 2380 sulianum
541 2330 673 2380 suadeant.
698 2328 753 2389 Quo
765 2335 876 2394 tompore
890 2331 1029 2394 conscripta
1039 2329 1089 2379 siut
1102 2329 1166 2382 haec
1176 2329 1302 2395 opuscula,
1314 2345 1363 2380 uon
1371 2328 1446 2394 plane

104 2406 207 2450 constat
244 2400 274 2450 in
286 2401 392 2464 epistola
405 2401 438 2452 sd
449 2399 487 2450 io.
500 2401 607 2451 Remum
620 2401 681 2450 data
693 2397 745 2462 (18.
754 2399 830 2451 Mart
845 2396 923 2461 1612)
941 2398 1074 2465 ,Dialogi“
1087 2402 1238 2452 mentionem
1250 2400 1313 2452 iacit
1323 2402 1445 2452 scribens:

105 2481 151 2534 est
164 2471 239 2534 mihi
255 2473 295 2534 ad
310 2491 417 2535 uranus
439 2468 675 2553 manuscriptum
690 2472 869 2553 colloquium
891 2473 929 2535 de
945 2472 1128 2537 calendario
1150 2472 1255 2554 lingua
1269 2473 1445 2547 Teutonico,

104 2562 179 2642 quod
196 2561 324 2625 Caesari
340 2580 489 2643 nunquam
505 2561 625 2626 tradidi.
654 2569 760 2621 Exordio
775 2570 935 2633 praeiah'ouis
948 2569 1073 2635 Kopiarus
1089 2570 1219 2622 intendere
1235 2571 1333 2622 ridetur
1344 2572 1447 2622 semida

102 2650 255 2701 Ratisbonae
271 2649 359 2701 habita
377 2649 601 2715 ann01613,qoo
620 2651 712 2703 Linoiis
731 2651 793 2701 abiit
809 2654 892 2715 juram
911 2649 944 2702 ab
962 2649 1115 2715 Imperatore
1133 2649 1258 2709 Matthia,
1278 2658 1309 2702 nt
1323 2651 1446 2714 judicium

104 2722 179 2772 tenet
203 2735 251 2772 aon
270 2722 398 2773 monilium
416 2723 588 2787 suppeditaret
613 2722 643 2774 de
663 2723 736 2773 rebus
760 2723 793 2773 ad
812 2721 953 2773 calendarii
977 2723 1155 2778 annectionem
1176 2721 1366 2787 pertinentibus.
1401 2721 1445 2772 Bis

102 2794 190 2845 adiisse
202 2792 343 2857 Kepieruru
354 2795 420 2844 huno
433 2792 601 2859 ,Dialogum“
614 2808 646 2846 ex
657 2796 824 2858 bisapparetr
843 2791 985 2844 Hauscbius
997 2793 1069 2848 ilium
1079 2793 1158 2844 edidit
1168 2808 1183 2843 e
1194 2794 1369 2859 mmuscnptis
1381 2807 1445 2846 auno

95 2858 168 2914 ‘ttae
179 2865 262 2915 latina
275 2860 409 2924 (noscimur
427 2878 460 2916 an
471 2865 564 2929 abipso
576 2865 663 2931 lingua
675 2867 756 2916 latina
766 2866 902 2922 reddituro,
919 2865 985 2929 qnod
1003 2865 1066 2916 aliar
1083 2866 1182 2929 saepius
1199 2866 1225 2915 in
1235 2879 1284 2916 usu
1295 2865 1395 2924 babuit,
1412 2880 1446 2917 an

102 2935 237 3000 alioplero
250 2937 303 2999 ipso
314 2935 393 2986 iatine
405 2932 552 3001 scriptum).·
565 2934 639 2988 liaeo
656 2937 731 2988 editio
747 2936 781 2986 ad
798 2935 898 2988 verbum
917 2936 1000 2987 reddit
1017 2938 1104 3002 lingua
1119 2937 1200 2988 latina
1217 2950 1261 2995 aa,
1280 2950 1344 3003 quae
1357 2950 1444 2991 mauu-

102 3010 217 3071 scriptnm
231 3006 340 3069 exhibet,
352 3007 504 3058 liberalitate
513 3007 546 3058 D.
557 3007 654 3059 Ottonis
664 3008 754 3059 Strato
763 3008 832 3058 nobis
841 3008 1026 3063 transmissnmt
1039 3009 1078 3058 his
1089 3021 1148 3058 raro
1160 3009 1285 3058 accedunt
1296 3009 1445 3067 additiones,

101 3092 161 3146 qaas
173 3080 228 3128 siue
241 3079 315 3129 dubio
327 3080 456 3143 posteriori
468 3086 577 3143 tempore
595 3079 726 3144 adscripsit
742 3082 795 3144 ipso
811 3078 936 3144 Keplerus
955 3080 1089 3144 examplari
1104 3093 1166 3144 pure
1183 3080 1307 3144 descripto
1324 3094 1356 3130 ex
1373 3087 1444 3131 anto·

103 3150 210 3216 grapho,
230 3151 297 3215 quod
308 3149 393 3208 multis
406 3150 771 3202 conectionibusdeiormatnm
790 3151 859 3201 nobis
872 3150 905 3200 od
923 3164 1011 3201 manus
1032 3157 1083 3205 osto
1102 3149 1243 3214 exemplar,
1263 3166 1311 3216 qno
1328 3166 1389 3202 usus
1406 3159 1446 3202 est

100 3221 248 3277 Hanschim
262 3222 424 3271 desideratur.
448 3220 485 3270 Er
497 3222 535 3272 his
548 3229 574 3273 ot
582 3222 661 3273 verbis
670 3222 775 3286 Kepleri
784 3231 859 3287 supra
868 3222 953 3272 allatis
963 3222 1139 3280 concludimus,
1152 3222 1277 3287 dialogum
1286 3236 1319 3274 oa
1328 3236 1402 3288 quarn
1412 3223 1445 3273 ab

99 3295 167 3344 initio
175 3292 265 3344 habuit
273 3293 353 3343 terme
360 3295 525 3357 conscriptum
535 3308 589 3344 esse
598 3295 669 3345 initio
678 3296 736 3344 anni
747 3292 823 3352 1612,
832 3299 983 3358 postoarero
990 3301 1050 3345 ante
1060 3294 1225 3344 comitiaanni
1233 3294 1300 3346 1613
1307 3300 1445 3346 comeatum

100 3380 152 3416 ease
170 3377 276 3428 eamque
293 3370 430 3414 correctam
448 3364 553 3416 formam
571 3372 685 3416 secutum
704 3380 759 3416 esse
778 3363 941 3417 Hansebr'um.
977 3363 1103 3417 Nascon
1121 3379 1198 3429 quarn
1213 3368 1384 3431 manmoripta
1402 3382 1443 3417 ex-

100 3436 185 3488 bibent
192 3436 297 3486 formam
305 3436 468 3502 linguamque
474 3436 647 3488 Gemanicarn
654 3438 809 3497 retinuimus,
819 3436 940 3488 addentes
949 3451 987 3495 ee,
997 3450 1062 3502 quae
1069 3435 1190 3487 lianscbii
1198 3437 1273 3487 editio
1279 3437 1354 3503 plura
1360 3438 1444 3497 habet,

100 3508 163 3572 typis
176 3508 296 3571 insignita
307 3507 442 3558 minoribus
454 3503 537 3572 (petit)
549 3515 576 3560 et
588 3509 705 3559 cancellis
718 3509 821 3559 inclusa.
846 3506 918 3568 Quae
931 3509 982 3572 ipse
990 3502 1115 3573 chlemo
1128 3509 1154 3557 in
1164 3508 1245 3572 prima
1253 3508 1333 3560 iorma
1345 3510 1444 3567 delerit,

101 3593 184 3629 eorum
203 3578 290 3643 aliqua
308 3579 462 3630 restituimus
482 3593 561 3645 coque
579 3581 641 3630 item
654 3580 772 3631 cancellis
791 3579 888 3630 incluse
905 3581 971 3644 typis
984 3580 1090 3630 exscribi
1109 3581 1262 3640 curarimus,
1281 3596 1342 3647 quos
1354 3587 1445 3631 vocant

100 3650 187 3715 bergis.
224 3649 413 3715 inscriptionem
424 3648 560 3709 Hanrchii,
579 3665 655 3715 quam
674 3649 880 3715 ipselianschins
897 3664 980 3716 neque
998 3665 1056 3701 roro
1074 3650 1201 3715 lieplerns
1220 3653 1378 3717 conscripsit,
1395 3667 1444 3703 nen
1555 3684 1556 3690 =

100 3720 261 3771 omittendam
272 3722 427 3780 censuimus,
445 3723 511 3772 sicut
523 3722 653 3786 epistolam
664 3722 769 3787 Kepleri
781 3723 814 3773 ad
824 3735 938 3787 proceres
950 3721 1093 3780 Linoianos,
1111 3735 1163 3788 qua
1173 3724 1272 3774 reniam
1283 3726 1348 3789 petit
1356 3723 1442 3775 Ratis-

100 3793 187 3842 honam
207 3793 240 3842 ad
259 3794 362 3844 carnida
379 3794 549 3858 proficiscendi
568 3790 719 3854 (desumtam
737 3808 769 3843 ex
786 3793 848 3844 libro
864 3794 978 3844 Viennae
999 3792 1067 3846 tete
1083 3795 1161 3854 edito,
1182 3797 1224 3860 qni
1239 3797 1370 3860 inscriptus
1388 3801 1440 3846 est:
1549 3812 1550 3816 ¹

99 3862 277 3914 Notmaublatt.
302 3864 409 3932 lieilage
420 3880 478 3915 aum
490 3865 584 3916 Archiv
596 3864 636 3914 fdr
651 3865 743 3916 Kunde
752 3863 993 3916 Oesterreicbisoher
1002 3865 1266 3931 Gesohichtaquellen).
1298 3867 1328 3917 In
1337 3866 1441 3917 comitiis

101 3935 157 3987 nihii
175 3936 308 4000 proiecisse
328 3937 426 3987 ridetur
443 3936 566 3987 Matthias
583 3937 608 3986 in
626 3950 653 3987 re
673 3936 829 3993 calendariat
849 3941 918 3987 certe
936 3942 996 3987 acta
1013 3939 1167 3988 comitiorum
1185 3938 1279 3989 unllam
1298 3937 1441 3990 Calendarii

101 4008 248 4057 mononem
261 4006 370 4066 iaciunt,
389 4022 470 4074 neque
482 4006 607 4072 Keplems
618 4014 706 4072 postea
718 4009 854 4073 quidquam
866 4009 944 4060 refert
955 4008 986 4059 de
996 4009 1103 4075 negotiis
1115 4009 1171 4061 aliis
1182 4009 1336 4061 Retisbonae
1347 4009 1441 4061 habitis

74 4143 79 4152 ⁵
100 4085 199 4142 praeter
210 4080 395 4130 matrimonium
405 4093 496 4131 norum
508 4086 562 4130 tum
573 4081 688 4144 temporis
701 4082 796 4132 initum.

166 4220 266 4276 laterae
280 4221 313 4272 ad
325 4220 457 4273 Lincianos
468 4235 583 4288 proceres
595 4221 644 4274 hae
656 4225 726 4274 snut:

231 4399 428 4481 Ehrwiirdige
444 4376 650 4481 Wolgeborue
665 4401 774 4475 Herm,
791 4400 867 4463 anch
882 4400 960 4464 Edle
976 4402 1037 4465 und
1054 4401 1229 4481 Gestrenge
1246 4406 1304 4465 cto.
1320 4360 1321 4363 Ἴ
1376 4366 1379 4371 .

492 4488 638 4570 Gnidige,
649 4491 709 4553 und
725 4489 921 4571 gebiettende
936 4492 1046 4557 Herm.

182 4620 218 4683 Ε.
235 4620 293 4685 Gn.
303 4621 446 4691 *berichte
460 4620 509 4685 ich
525 4618 756 4704 gehorsarnlich,
772 4615 828 4686 das
843 4624 892 4687 Ire
906 4624 1083 4705 Kaysbist
1100 4622 1194 4685 durch
1211 4623 1283 4688 dero
1295 4604 1441 4690 Obristen
1512 4585 1519 4599 .

99 4706 262 4773 (irruerem
278 4711 329 4774 irc.
345 4711 402 4773 mir
416 4712 490 4775 dero
506 4712 747 4794 allergnidigste
759 4712 901 4794 meinung
917 4712 1064 4793 anzeigen
1080 4711 1194 4788 laeseu,
1209 4714 1266 4778 das
1281 4715 1335 4778 iob
1351 4721 1438 4779 utm-
1522 4741 1532 4752 ·

97 4797 156 4864 lich
170 4798 293 4881 anjetro
307 4800 363 4865 mit
377 4802 450 4866 dero
462 4801 601 4901 linistat
614 4802 693 4866 mich
708 4801 788 4868 nach
801 4801 1002 4886 Regeuspurg
1017 4800 1155 4885 begebeu
1170 4803 1264 4880 solim
1287 4802 1440 4871 iumasssn
1470 4829 1473 4842 ·
