3142 5476
570 311 882 377 rememorasse
1329 254 1392 356 ‘st

78 445 198 519 consistit
210 447 243 511 in
258 445 404 528 ἐξαιροσοι
419 451 478 514 diei
493 460 547 515 aut
560 453 651 517 bidui.
671 454 744 517 Non
758 453 933 534 repugnabo
947 452 1022 529 Tibi,
1038 452 1159 535 quirat
1169 454 1201 516 in
1213 450 1277 515 hnc
1290 448 1394 530 forms,
1520 521 1522 526 s

76 536 221 616 quaemihi
235 538 365 613 videtur,
380 539 549 620 hujusmodi
565 542 822 606 extraordinariae
837 543 991 624 potuerint
1005 543 1068 605 fieri
1084 559 1258 606 exaereses:
1282 558 1394 618 verum,

75 633 100 686 nt
111 625 139 687 id
151 627 200 689 vel
215 627 247 690 in
263 634 348 690 tunm
357 630 411 692 uel
425 649 523 693 meum
538 633 723 696 commodum
739 631 867 706 credam,
881 652 941 696 non
957 638 1058 694 movet
1072 651 1119 694 me
1130 630 1285 696 Ciceronis
1299 630 1407 695 locus.⁴

74 711 139 784 Quid
159 717 186 777 si
207 736 340 799 namque
352 717 459 782 Cicero
481 720 518 782 de
538 721 707 796 Metonica,
730 721 895 804 Calippica,
916 721 1121 803 Hipparchica
1135 722 1231 783 forma
1246 722 1394 803 loquatur,

73 821 135 884 quae
150 824 254 870 omnes
268 813 341 888 post
355 808 492 872 Atticam
507 819 648 892 receptae
664 812 745 874 fuere
765 830 820 891 per
835 811 1005 874 universam
1022 809 1205 874 Graeciam?
1234 810 1301 872 Has
1316 809 1395 871 enim
1419 840 1422 847 f

73 900 173 957 certum
189 903 238 958 est
251 897 314 959 ista
328 896 450 973 habere,
465 918 540 981 quae
557 900 663 964 Cicero
680 893 951 981 commemorati),

147 979 203 1065 19)
226 985 297 1048 Una
315 985 347 1048 in
369 1006 402 1049 re
427 988 614 1053 me-torsisti
635 990 841 1052 vehementer:
872 988 908 1051 de
928 986 1068 1071 ἄναρχος
1088 983 1210 1068 duspurc
1232 986 1396 1060 scribebas,

71 1090 100 1133 ac
118 1071 224 1136 siobr
235 1082 319 1137 esset
340 1084 448 1139 certus
464 1086 584 1154 auctor,
606 1080 655 1161 qui
681 1079 861 1155 affirmaret,
882 1078 1003 1141 biduum
1026 1078 1121 1140 solum
1143 1073 1398 1157 annicujuslibet

71 1161 141 1223 exitu
158 1163 253 1224 fuisse
269 1164 334 1226 sine
347 1165 481 1247 imperio.
509 1168 576 1249 Ego
593 1188 664 1231 vero
680 1187 719 1231 ex
727 1168 773 1244 iis,
788 1187 865 1249 quae
881 1166 963 1230 diota
979 1173 1057 1241 suut,
1072 1167 1284 1230 intercalarem
1299 1172 1404 1228 totum

1 1332 2 1336 Ἰ
72 1246 186 1332 drapyoo
212 1253 345 1316 transire
366 1255 481 1336 patior,
505 1259 640 1339 exemplo
661 1258 879 1331 Romanorum,
905 1257 1011 1339 quibus
1032 1256 1169 1319 bisextus
1191 1254 1398 1337 inauspicatos

73 1347 134 1401 erat
177 1338 337 1429 Quaeres
359 1345 418 1407 etsi
440 1345 561 1408 tbsurdi
583 1347 654 1429 quid
675 1344 821 1421 involvit,
838 1343 1082 1409 uncamurbem
1103 1345 1217 1408 tamdiu
1240 1363 1307 1407 esse
1331 1342 1397 1406 sine
1427 1356 1430 1363 ·

73 1427 194 1508 imperio,
214 1439 318 1495 tamen
333 1450 448 1496 mecum
463 1443 511 1498 est
526 1452 622 1517 aequo
637 1437 735 1499 animo
750 1436 801 1500 ille
815 1435 1001 1510 Macrobius,
1021 1453 1108 1517 quem
1123 1441 1157 1497 tu
1172 1434 1293 1514 indigno
1310 1439 1408 1514 trac-¹,
1437 1466 1440 1474 ·

1 1548 12 1586 ·,
74 1522 155 1580 aum
170 1540 190 1581 a
205 1521 249 1583 Te
270 1522 422 1602 repulisti,
443 1539 573 1606 negans,
594 1526 868 1589 intellectumesse
889 1524 1077 1587 aMaorobio
1098 1530 1224 1597 testem,
1248 1522 1399 1604 quiesset

1 1606 3 1612 ’
75 1605 163 1669 abillo
180 1608 303 1671 citatus.
332 1610 412 1673 Ecce
428 1613 514 1688 enim,
530 1634 618 1696 quam
634 1623 771 1697 apertum
790 1615 863 1678 mihi
884 1615 1032 1696 praebeat
1050 1613 1255 1675 testimouium
1269 1611 1395 1674 Macro·

2 1714 4 1736 ³
74 1694 139 1770 bins,
160 1697 211 1779 qni
228 1697 304 1780 Cap.
318 1699 405 1763 XIV.
420 1710 525 1782 aperte
546 1704 632 1778 dicit,
653 1706 784 1767 Numam
805 1723 891 1767 suam
904 1703 975 1767 anni
998 1704 1123 1766 iormam
1139 1723 1158 1765 a
1174 1700 1302 1764 Graecis
1317 1701 1396 1762 hau·
1481 1767 1487 1776 ,
1524 1726 1529 1740 ·

74 1783 150 1860 risse,
178 1794 271 1868 atqua
290 1788 360 1851 illos
381 1792 467 1854 annis
489 1800 558 1855 octo
571 1794 645 1856 'dies
668 1793 710 1866 90
729 1794 937 1857 intercalasse.
980 1793 1108 1857 Factum
1129 1797 1178 1854 est
1199 1791 1257 1853 hoc
1278 1790 1397 1853 Numae

73 1881 201 1962 tempore,
217 1877 306 1958 longe
321 1886 393 1941 ante
408 1882 555 1957 Metonis,
568 1883 696 1960 Eudoxi,
719 1882 846 1965 Calippi,
866 1881 1032 1963 Hipparchi
1047 1887 1189 1943 aetatem
1235 1878 1310 1959 Cap.
1324 1877 1398 1941 XV.
1442 1880 1445 1884 ’

71 1963 114 2025 tibi
128 1966 311 2028 contradicit
326 1977 445 2049 aperte,
468 1990 608 2035 asserens
624 1971 809 2036 Graecomm
830 1990 940 2034 annum
954 1973 1071 2034 Numae
1085 1977 1156 2032 'tem
1179 1989 1230 2033 ore
1245 1968 1399 2033 Lunarern

71 2060 223 2118 turenses
238 2056 423 2120 embolimos.
451 2060 588 2143 Denique
604 2081 670 2125 cum
687 2070 721 2125 tn
735 2080 790 2144 pro
811 2061 919 2124 iisdem
933 2060 1063 2134 habeas,
1083 2082 1136 2130 τας
1151 2058 1399 2139 coaptationem

69 2163 107 2204 roa
126 2141 290 2235 drappos,
318 2147 369 2209 ille
391 2167 446 2229 pro
472 2149 578 2214 iisdem
602 2152 697 2214 habet
719 2174 774 2222 roc
801 2143 1038 2229 ὖπορβαιοουσας
1061 2170 1108 2209 ror
1131 2147 1291 2226 ἐμβολιμον
1314 2164 1398 2224 pyra
1450 2153 1452 2158 '

70 2230 351 2395 spwamobius
373 2239 447 2301 mihi
472 2239 690 2322 simplicissimo
722 2259 812 2303 sensu
839 2235 927 2314 dicit,
951 2245 983 2301 te
1015 2245 1224 2319 argumentum
1247 2240 1407 2306 nectente,

10 2356 12 2375 =
70 2327 92 2380 to
168 2322 382 2389 intercalarem
397 2346 465 2390 esse
480 2327 617 2413 ἄναρχον.
653 2331 690 2393 In
708 2349 815 2392 unare
833 2328 907 2393 mihi
930 2328 1179 2402 estcontrarius,
1200 2325 1278 2407 quod
1294 2323 1347 2398 ait,
1363 2340 1402 2385 ax

7 2427 12 2476 l
69 2406 162 2472 liebus
177 2410 222 2474 90
237 2419 302 2475 tres
318 2417 466 2481 conflatos
480 2438 609 2494 menses,
631 2438 687 2501 ego
702 2438 773 2482 vero
790 2437 857 2481 cum
870 2416 971 2481 Numa
986 2416 1082 2481 condo
1098 2418 1241 2497 quatuor,
1262 2414 1355 2476 etiam
1368 2410 1402 2475 in
1518 2480 1520 2485 λ

9 2508 14 2594 l
70 2516 137 2561 inno
151 2500 270 2563 Attico.
316 2502 380 2567 Sed
400 2515 473 2588 puto
494 2528 541 2572 mo
556 2508 705 2572 Herodoti
728 2507 910 2572 auctoritate
930 2506 1007 2569 satis
1023 2524 1090 2568 esse
1107 2505 1282 2577 suffultum,¹
1300 2508 1335 2564 ut
1349 2495 1402 2562 oi·

9 2597 14 2694 y
71 2597 178 2664 ronco,
194 2599 304 2654 contra
319 2612 395 2670 eum,
410 2597 459 2677 qui
473 2605 522 2661 tot
537 2598 645 2661 seculis
660 2605 751 2660 natus
766 2605 816 2659 est
829 2595 988 2679 posterior.
1017 2596 1054 2658 In
1064 2592 1283 2679 dubitationem
1297 2597 1401 2653 tamon

10 2695 13 2766 ¹,
70 2694 107 2740 ne
121 2679 246 2760 conjicit
267 2683 359 2745 testis
381 2705 401 2746 a
421 2692 453 2747 te
474 2688 653 2768 productus,
676 2687 778 2769 quiin
802 2705 880 2749 anno
904 2685 1017 2748 dierum
1039 2682 1103 2746 354
1124 2681 1239 2745 ultimis
1254 2680 1275 2742 4
1291 2679 1336 2742 ait
1349 2700 1404 2748 cas

70 2761 259 2848 e'pyarpaoroc‘
272 2773 432 2836 exercitas.
475 2777 556 2839 Nam
575 2777 633 2841 hoc
654 2784 745 2859 pacto
767 2776 974 2857 relinquuntur
993 2771 1058 2837 350
1078 2772 1143 2836 dies
1162 2772 1241 2834 iuter
1260 2769 1300 2830 10
1322 2768 1402 2848 Pry·
1455 2766 1458 2772 ’

9 2871 16 2907 t
70 2856 161 2918 tanias
176 2858 391 2938 distribuendi,
414 2871 518 2947 estque
533 2866 811 2949 Prytauiadiernm
826 2865 877 2928 36.
907 2865 954 2928 At
967 2860 1146 2944 Prytaniam
1166 2860 1281 2922 dierum
1295 2855 1338 2920 36
1352 2855 1403 2918 in·

71 2945 163 3007 venire
185 2948 227 3009 ad
247 2948 328 3012 hanc
349 2971 485 3017 normam
506 2975 565 3019 non
586 2973 724 3037 possum,
746 2974 802 3017 nec
821 2954 854 3016 in
876 2973 955 3018 anno
979 2949 1077 3013 veteri
1091 2949 1199 3015 Attico
1214 2966 1270 3009 uec
1285 2946 1316 3008 in
1332 2963 1403 3007 snc-

70 3033 180 3096 “dfflfi
195 3037 294 3099 f⁰rm⁸
308 3060 360 3118 τηε
373 3061 541 3120 aporouos.
569 3044 692 3107 Etenim
708 3044 735 3106 si
749 3062 845 3107 annus
861 3047 945 3106 esset
959 3041 1074 3104 dierum
1093 3036 1158 3103 376
1173 3038 1223 3100 vel
1238 3028 1318 3110 377,
1339 3034 1411 3119 dies¹

1 3149 6 3211 j
72 3123 189 3186 marchi
211 3126 253 3188 sd
271 3127 356 3190 illam
372 3128 594 3196 similitudinem
615 3141 720 3198 essent
741 3131 761 3196 6
781 3132 831 3194 vel
847 3126 882 3207 7;
905 3130 1053 3214 Prytanis
1075 3129 1190 3192 dierum
1211 3119 1253 3190 37
1278 3143 1338 3187 οοο
1353 3117 1405 3186 36.

1 3214 5 3286 ξ
70 3209 118 3274 Sin
131 3230 216 3289 vero,
237 3217 318 3280 utin
333 3220 495 3283 recentiori
511 3221 581 3284 anni
596 3223 691 3284 forma
707 3222 771 3284 dies
787 3228 890 3284 essent
905 3220 986 3295 384,
1006 3219 1131 3282 anarchi
1152 3220 1256 3292 essent
1270 3214 1305 3290 4,
1324 3213 1404 3293 Pry-

1 3318 4 3395 ³,
69 3301 147 3374 mnia
162 3302 280 3366 dierum
294 3305 346 3369 38.
375 3308 582 3372 Veruntamen
604 3311 769 3373 eluctemur
791 3329 829 3372 ex
843 3311 902 3373 hac
925 3307 1119 3382 difficultate,
1142 3306 1168 3368 si
1184 3312 1303 3386 tempus
1317 3300 1405 3366 nnius

1 3396 4 3462 ?
68 3392 223 3472 prytaniss
244 3395 403 3460 fecerimus
424 3398 537 3461 dierum
559 3416 619 3462 nou
640 3399 861 3472 continuorum,
884 3399 937 3460 sed
959 3397 1103 3459 deosndio
1128 3393 1314 3458 distantium
1353 3388 1406 3454 Slc

1 3487 3 3492 “
67 3480 295 3564 conquaeror
315 3485 412 3564 ultimi
434 3488 602 3552 comitiales
623 3489 688 3552 dies
710 3494 742 3560 et
762 3487 821 3569 ipsi
842 3487 989 3550 accedent
1009 3490 1138 3567 quatuor
1153 3481 1325 3565 Prytaniis,
1346 3496 1405 3542 nso

69 3577 155 3634 erunt
170 3571 262 3653 plane
278 3570 410 3658 ἄναρχοι,
425 3585 460 3640 ut
474 3578 518 3640 illi
534 3581 576 3641 22
591 3577 785 3642 intercalarii.

153 3656 215 3742 2⁰)
239 3662 392 3727 Vicesimo
415 3666 513 3730 dicam
534 3668 589 3731 tibi
604 3687 722 3732 rursum
736 3665 956 3747 conjecturam,
976 3670 1013 3727 ut
1027 3682 1186 3727 consuram
1199 3666 1335 3724 mutuum
1349 3675 1407 3720 an·

70 3749 156 3812 dam
183 3749 286 3832 Supra
302 3753 338 3816 de
352 3755 470 3837 magnis
485 3758 637 3841 mysteriis
653 3758 774 3832 dictum,
790 3774 876 3837 quae,
892 3774 959 3818 cum
967 3753 1188 3818 Botdromione
1204 3751 1286 3814 circa
1300 3745 1407 3828 aequi-
1442 3809 1445 3819 ,

65 3840 200 3902 unctium
219 3841 422 3921 celebrentur,
445 3847 649 3928 conjecturam
662 3846 846 3928 praebuere,
868 3844 954 3926 quasi
975 3842 1186 3926 mysteriorum
1198 3839 1267 3902 dies
1282 3834 1418 3900 adderet¹

69 3929 116 3990 rel
131 3929 270 3993 auferret
284 3933 396 4014 aliquid
416 3935 536 4004 modulo
559 3936 629 3999 anni
645 3937 685 3999 ud
700 3934 782 3998 Solis
803 3934 864 3997 iter
886 3932 1148 4009 reconciliandum.
1178 3929 1250 3993 Jam
1264 3926 1357 3989 etiam
1371 3923 1409 3987 de

68 4018 238 4082 minoribns
257 4040 362 4085 mones
383 4024 550 4106 mysteriis,
572 4044 648 4108 quae
663 4025 776 4106 probas
789 4023 822 4085 in
836 4022 1036 4087 Posideonem
1050 4020 1191 4094 incidere,
1206 4023 1282 4100 puta
1296 4035 1335 4078 cc
1348 4008 1409 4076 rol

66 4105 178 4188 ἡροος
194 4129 248 4172 seu
265 4110 396 4187 Ionaea,
411 4114 800 4195 inElaphebolionemvero
810 4109 924 4175 vavrae
942 4108 1027 4193 doto,
1041 4118 1074 4173 st
1089 4128 1157 4172 esse
1173 4105 1338 4179 trieterica,
1351 4102 1411 4164 hoc

65 4207 115 4259 est
128 4206 206 4279 post
218 4198 369 4263 biennium
383 4210 523 4266 exactum
538 4222 699 4267 recurrere.
741 4202 793 4266 An
807 4221 868 4265 nou
883 4208 999 4264 certum
1013 4199 1165 4273 indicium,
1181 4193 1309 4260 alternis
1323 4191 1411 4256 annis
1456 4246 1458 4249 ,

64 4287 283 4352 intercalatum
311 4292 440 4355 ethaeo
462 4292 529 4374 ipsa
553 4292 700 4375 mysteria
722 4290 866 4356 Calendis
887 4289 1065 4354 Posideouis
1097 4285 1220 4352 secundi
1244 4282 1318 4347 mhil
1343 4297 1411 4343 esse

64 4376 164 4452 alind,
197 4377 255 4440 nisi
279 4380 484 4444 testimoninm
507 4380 747 4445 intercalationis
774 4368 816 4443 2'2
842 4381 970 4456 diaron,
1002 4381 1057 4442 sub
1086 4375 1205 4441 nomine
1232 4369 1412 4437 Posideouis

64 4467 178 4547 prioris
193 4470 389 4548 praemissae,
404 4478 440 4535 nt
455 4470 599 4535 Calendis
614 4470 793 4534 Posideouis
807 4464 985 4552 posterioris
1002 4462 1232 4550 (Dionysiorum
1252 4462 1331 4524 forts
1347 4452 1414 4541 die)

65 4563 251 4639 congrueret
265 4557 532 4642 Lunaequaesita
547 4560 674 4642 phasis?
703 4558 906 4623 Posideonem
927 4556 1007 4620 enim
1027 4554 1174 4637 geminari
1197 4551 1320 4615 solitum
1336 4547 1413 4612 satis

63 4647 212 4728 probasti.
243 4647 332 4710 Haec
348 4646 458 4726 emsa,
473 4651 552 4713 forte
567 4649 637 4733 qula
651 4648 781 4712 Lunaris
797 4667 893 4712 annus
908 4647 1050 4710 inventus
1060 4652 1115 4707 'est
1128 4641 1279 4724 politicus.
1309 4636 1415 4702 Tertia

3 4781 5 4795 r
63 4736 312 4801 Anthesterione
336 4753 436 4803 annua
459 4748 508 4803 est
530 4741 702 4814 rusticana,
732 4739 812 4820 forte
844 4738 882 4801 ob
912 4736 1075 4800 adventum
1098 4732 1196 4809 reris,
1227 4728 1307 4815 qnod
1331 4729 1416 4792 iavet

64 4827 187 4892 rusticis
202 4826 319 4909 operis.
1230 4860 1233 4865 ⁴
1265 4828 1267 4833 ’

121 4933 209 4985 tor-¹
222 4933 298 4983 on·
310 4932 347 4970 ιν·
1190 4925 1205 4979 r
1266 4916 1296 4944 ’·
