<?xml version="1.0" encoding="UTF-8"?>
<!DOCTYPE html PUBLIC "-//W3C//DTD XHTML 1.0 Transitional//EN"
    "http://www.w3.org/TR/xhtml1/DTD/xhtml1-transitional.dtd">
<html xmlns="http://www.w3.org/1999/xhtml" xml:lang="en" lang="en">
 <head>
  <title>
</title>
<meta http-equiv="Content-Type" content="text/html;charset=utf-8" />
  <meta name='ocr-system' content='tesseract 3.04.00' />
  <meta name='ocr-capabilities' content='ocr_page ocr_carea ocr_par ocr_line ocrx_word'/>
</head>
<body>
  <div class='ocr_page' id='page_1' title='image "./joanniskepleria13frisgoog_0371.png"; bbox 0 0 3112 5474; ppageno 0'>
   <div class='ocr_carea' id='block_1_1' title="bbox 84 208 1005 315">
    <p class='ocr_par' dir='ltr' id='par_1_1' title="bbox 84 208 1005 315">
     <span class='ocr_line' id='line_1_1' title="bbox 84 208 1005 315; baseline -0.002 -6"><span class='ocrx_word' id='word_1_1' title='bbox 84 212 88 218; x_wconf 92' lang='lat'>·</span> <span class='ocrx_word' id='word_1_2' title='bbox 164 240 229 309; x_wconf 80' lang='grc'>358</span> <span class='ocrx_word' id='word_1_3' title='bbox 413 222 416 227; x_wconf 65' lang='lat'><strong><em>‹</em></strong></span> <span class='ocrx_word' id='word_1_4' title='bbox 501 208 504 225; x_wconf 37' lang='grc'>1</span> <span class='ocrx_word' id='word_1_5' title='bbox 563 239 565 243; x_wconf 35' lang='lat'>¹</span> <span class='ocrx_word' id='word_1_6' title='bbox 664 257 704 310; x_wconf 89' lang='lat' dir='ltr'>Da</span> <span class='ocrx_word' id='word_1_7' title='bbox 717 257 788 309; x_wconf 82' lang='lat' dir='ltr'>Anno</span> <span class='ocrx_word' id='word_1_8' title='bbox 800 256 888 307; x_wconf 82' lang='lat' dir='ltr'>Natali</span> <span class='ocrx_word' id='word_1_9' title='bbox 901 255 1005 315; x_wconf 76' lang='lat' dir='ltr'>Christi</span> 
     </span>
    </p>
   </div>
   <div class='ocr_carea' id='block_1_2' title="bbox 108 349 1556 767">
    <p class='ocr_par' dir='ltr' id='par_1_2' title="bbox 108 349 1556 750">
     <span class='ocr_line' id='line_1_2' title="bbox 163 349 1556 503; baseline -0.006 -34"><span class='ocrx_word' id='word_1_10' title='bbox 163 405 254 489; x_wconf 89' lang='lat' dir='ltr'>gaudi</span> <span class='ocrx_word' id='word_1_11' title='bbox 274 404 353 468; x_wconf 91' lang='lat' dir='ltr'>diem</span> <span class='ocrx_word' id='word_1_12' title='bbox 367 400 541 466; x_wconf 75' lang='lat' dir='ltr'><strong>natalitiam</strong></span> <span class='ocrx_word' id='word_1_13' title='bbox 557 421 594 463; x_wconf 82' lang='lat' dir='ltr'>ex</span> <span class='ocrx_word' id='word_1_14' title='bbox 608 393 811 480; x_wconf 84' lang='lat' dir='ltr'>Evangelista</span> <span class='ocrx_word' id='word_1_15' title='bbox 824 398 955 463; x_wconf 82' lang='lat' dir='ltr'>Lucam</span> <span class='ocrx_word' id='word_1_16' title='bbox 971 419 1049 463; x_wconf 90' lang='lat' dir='ltr'>anno</span> <span class='ocrx_word' id='word_1_17' title='bbox 1065 399 1118 464; x_wconf 85' lang='grc'>40.</span> <span class='ocrx_word' id='word_1_18' title='bbox 1134 349 1274 473; x_wconf 88' lang='lat' dir='ltr'>Juliano,</span> <span class='ocrx_word' id='word_1_19' title='bbox 1295 417 1351 480; x_wconf 91' lang='lat' dir='ltr'>pro</span> <span class='ocrx_word' id='word_1_20' title='bbox 1367 417 1425 503; x_wconf 67' lang='lat' dir='ltr'>⁸quo</span> <span class='ocrx_word' id='word_1_21' title='bbox 1436 398 1483 480; x_wconf 84' lang='lat' dir='ltr'>ipre</span> <span class='ocrx_word' id='word_1_22' title='bbox 1542 386 1556 398; x_wconf 74' lang='grc'>”</span> 
     </span>
     <span class='ocr_line' id='line_1_3' title="bbox 162 486 1546 581; baseline -0.006 -23"><span class='ocrx_word' id='word_1_23' title='bbox 162 514 272 577; x_wconf 91' lang='lat' dir='ltr'>pugno,</span> <span class='ocrx_word' id='word_1_24' title='bbox 287 491 430 581; x_wconf 84' lang='lat' dir='ltr'>experiri,</span> <span class='ocrx_word' id='word_1_25' title='bbox 445 499 481 554; x_wconf 92' lang='lat' dir='ltr'>ut</span> <span class='ocrx_word' id='word_1_26' title='bbox 496 497 661 571; x_wconf 82' lang='lat' dir='ltr'>appareat,</span> <span class='ocrx_word' id='word_1_27' title='bbox 682 489 784 552; x_wconf 91' lang='lat' dir='ltr'>omnia</span> <span class='ocrx_word' id='word_1_28' title='bbox 798 489 935 552; x_wconf 92' lang='lat' dir='ltr'>omnibus</span> <span class='ocrx_word' id='word_1_29' title='bbox 950 489 1150 553; x_wconf 89' lang='lat' dir='ltr'>consentire.</span> <span class='ocrx_word' id='word_1_30' title='bbox 1175 490 1257 552; x_wconf 89' lang='lat' dir='ltr'>Nam</span> <span class='ocrx_word' id='word_1_31' title='bbox 1273 486 1373 551; x_wconf 87' lang='lat' dir='ltr'>haec</span> <span class='ocrx_word' id='word_1_32' title='bbox 1365 507 1486 570; x_wconf 90' lang='lat' dir='ltr'>rpsane-</span> <span class='ocrx_word' id='word_1_33' title='bbox 1538 492 1546 535; x_wconf 55' lang='grc' dir='ltr'>ἰ</span> 
     </span>
     <span class='ocr_line' id='line_1_4' title="bbox 108 577 1489 660; baseline -0.004 -13"><span class='ocrx_word' id='word_1_34' title='bbox 108 630 111 634; x_wconf 88' lang='grc'>-</span> <span class='ocrx_word' id='word_1_35' title='bbox 164 584 275 646; x_wconf 90' lang='lat' dir='ltr'>thodus</span> <span class='ocrx_word' id='word_1_36' title='bbox 290 582 380 645; x_wconf 90' lang='lat' dir='ltr'>aliter</span> <span class='ocrx_word' id='word_1_37' title='bbox 395 583 517 642; x_wconf 82' lang='lat' dir='ltr'>tentata</span> <span class='ocrx_word' id='word_1_38' title='bbox 533 601 552 640; x_wconf 87' lang='lat' dir='ltr'>a</span> <span class='ocrx_word' id='word_1_39' title='bbox 567 579 720 641; x_wconf 85' lang='lat' dir='ltr'>veteribus</span> <span class='ocrx_word' id='word_1_40' title='bbox 737 578 844 658; x_wconf 90' lang='lat' dir='ltr'>genuit</span> <span class='ocrx_word' id='word_1_41' title='bbox 857 579 954 653; x_wconf 85' lang='lat' dir='ltr'>nobis,</span> <span class='ocrx_word' id='word_1_42' title='bbox 975 586 1011 641; x_wconf 91' lang='lat' dir='ltr'>ut</span> <span class='ocrx_word' id='word_1_43' title='bbox 1024 579 1105 641; x_wconf 85' lang='lat' dir='ltr'>infra</span> <span class='ocrx_word' id='word_1_44' title='bbox 1119 577 1249 660; x_wconf 84' lang='lat' dir='ltr'>patebit,</span> <span class='ocrx_word' id='word_1_45' title='bbox 1275 596 1428 642; x_wconf 87' lang='lat' dir='ltr'>erroneum</span> <span class='ocrx_word' id='word_1_46' title='bbox 1442 578 1489 641; x_wconf 85' lang='lat' dir='ltr'>cel·</span> 
     </span>
     <span class='ocr_line' id='line_1_5' title="bbox 164 666 1092 767; baseline -0.007 -31"><span class='ocrx_word' id='word_1_47' title='bbox 164 674 275 748; x_wconf 90' lang='lat' dir='ltr'>culum;</span> <span class='ocrx_word' id='word_1_48' title='bbox 299 690 354 734; x_wconf 91' lang='lat' dir='ltr'>nos</span> <span class='ocrx_word' id='word_1_49' title='bbox 369 668 463 750; x_wconf 87' lang='lat' dir='ltr'>igitur</span> <span class='ocrx_word' id='word_1_50' title='bbox 476 668 561 731; x_wconf 88' lang='lat' dir='ltr'>iliam</span> <span class='ocrx_word' id='word_1_51' title='bbox 575 668 702 749; x_wconf 91' lang='lat' dir='ltr'>primum</span> <span class='ocrx_word' id='word_1_52' title='bbox 711 666 852 751; x_wconf 91' lang='lat' dir='ltr'>legitime</span> <span class='ocrx_word' id='word_1_53' title='bbox 867 687 1092 767; x_wconf 84' lang='lat' dir='ltr'>prosequemur.</span> 
     </span>
    </p>
   </div>
   <div class='ocr_carea' id='block_1_3' title="bbox 681 823 1058 893">
    <p class='ocr_par' dir='ltr' id='par_1_3' title="bbox 681 823 1058 893">
     <span class='ocr_line' id='line_1_6' title="bbox 681 823 1058 893; baseline -0.003 -17"><span class='ocrx_word' id='word_1_54' title='bbox 681 823 1058 893; x_wconf 62' lang='lat' dir='ltr'>compossessorem..</span> 
     </span>
    </p>
   </div>
   <div class='ocr_carea' id='block_1_4' title="bbox 89 932 1556 2531">
    <p class='ocr_par' dir='ltr' id='par_1_4' title="bbox 89 932 1556 2531">
     <span class='ocr_line' id='line_1_7' title="bbox 251 932 1495 1017; baseline -0.001 -19"><span class='ocrx_word' id='word_1_55' title='bbox 251 934 339 1007; x_wconf 67' lang='lat' dir='ltr'>lber,</span> <span class='ocrx_word' id='word_1_56' title='bbox 355 935 452 1016; x_wconf 92' lang='lat' dir='ltr'>inquit</span> <span class='ocrx_word' id='word_1_57' title='bbox 467 934 578 1008; x_wconf 88' lang='lat' dir='ltr'>Lucas,</span> <span class='ocrx_word' id='word_1_58' title='bbox 595 933 629 999; x_wconf 84' lang='lat' dir='ltr'>O.</span> <span class='ocrx_word' id='word_1_59' title='bbox 643 934 670 996; x_wconf 94' lang='lat' dir='ltr'>l.</span> <span class='ocrx_word' id='word_1_60' title='bbox 686 954 765 997; x_wconf 90' lang='lat' dir='ltr'>vers.</span> <span class='ocrx_word' id='word_1_61' title='bbox 775 934 804 997; x_wconf 83' lang='lat'>5.</span> <span class='ocrx_word' id='word_1_62' title='bbox 819 935 856 997; x_wconf 81' lang='lat' dir='ltr'>ia</span> <span class='ocrx_word' id='word_1_63' title='bbox 869 933 980 999; x_wconf 74' lang='lat' dir='ltr'>dictare</span> <span class='ocrx_word' id='word_1_64' title='bbox 995 935 1137 1000; x_wconf 62' lang='lat' dir='ltr'>Haedis</span> <span class='ocrx_word' id='word_1_65' title='bbox 1150 935 1237 1017; x_wconf 78' lang='lat' dir='ltr'>repis</span> <span class='ocrx_word' id='word_1_66' title='bbox 1245 932 1396 998; x_wconf 72' lang='lat' dir='ltr'>Judaeae</span> <span class='ocrx_word' id='word_1_67' title='bbox 1409 955 1495 997; x_wconf 72' lang='lat' dir='ltr'>aare·</span> 
     </span>
     <span class='ocr_line' id='line_1_8' title="bbox 89 1022 1497 1108; baseline -0.002 -18"><span class='ocrx_word' id='word_1_68' title='bbox 89 1052 92 1061; x_wconf 92' lang='lat'>·</span> <span class='ocrx_word' id='word_1_69' title='bbox 166 1028 223 1090; x_wconf 82' lang='lat' dir='ltr'>doe</span> <span class='ocrx_word' id='word_1_70' title='bbox 244 1024 374 1107; x_wconf 73' lang='lat' dir='ltr'>quidam</span> <span class='ocrx_word' id='word_1_71' title='bbox 394 1024 518 1087; x_wconf 76' lang='lat' dir='ltr'>nemim</span> <span class='ocrx_word' id='word_1_72' title='bbox 533 1022 717 1088; x_wconf 68' lang='lat' dir='ltr'>Zaebouiaa</span> <span class='ocrx_word' id='word_1_73' title='bbox 735 1024 776 1086; x_wconf 86' lang='lat' dir='ltr'>de</span> <span class='ocrx_word' id='word_1_74' title='bbox 789 1024 855 1086; x_wconf 77' lang='lat' dir='ltr'>uice</span> <span class='ocrx_word' id='word_1_75' title='bbox 868 1024 969 1098; x_wconf 78' lang='lat' dir='ltr'>Abia,</span> <span class='ocrx_word' id='word_1_76' title='bbox 992 1029 1155 1108; x_wconf 81' lang='lat' dir='ltr'>etsoctam</span> <span class='ocrx_word' id='word_1_77' title='bbox 1168 1031 1229 1098; x_wconf 88' lang='lat' dir='ltr'>cat,</span> <span class='ocrx_word' id='word_1_78' title='bbox 1252 1023 1497 1087; x_wconf 69' lang='lat' dir='ltr'>maaca-detio</span> 
     </span>
     <span class='ocr_line' id='line_1_9' title="bbox 158 1112 1555 1200; baseline 0 -24"><span class='ocrx_word' id='word_1_79' title='bbox 158 1119 345 1200; x_wconf 68' lang='lat' dir='ltr'>yteugcretur</span> <span class='ocrx_word' id='word_1_80' title='bbox 360 1112 578 1175; x_wconf 74' lang='lat' dir='ltr'>Zachariae</span> <span class='ocrx_word' id='word_1_81' title='bbox 563 1132 598 1175; x_wconf 84' lang='lat' dir='ltr'>au</span> <span class='ocrx_word' id='word_1_82' title='bbox 619 1112 729 1175; x_wconf 80' lang='lat' dir='ltr'>ordine</span> <span class='ocrx_word' id='word_1_83' title='bbox 749 1112 826 1175; x_wconf 79' lang='lat' dir='ltr'>vicie</span> <span class='ocrx_word' id='word_1_84' title='bbox 840 1132 917 1176; x_wconf 80' lang='lat' dir='ltr'>cuae</span> <span class='ocrx_word' id='word_1_85' title='bbox 939 1121 1011 1178; x_wconf 81' lang='grc' dir='ltr'>ιιιιι</span> <span class='ocrx_word' id='word_1_86' title='bbox 1024 1114 1144 1188; x_wconf 81' lang='lat' dir='ltr'>Deam,</span> <span class='ocrx_word' id='word_1_87' title='bbox 1165 1113 1340 1178; x_wconf 58' lang='lat' dir='ltr'>accardum</span> <span class='ocrx_word' id='word_1_88' title='bbox 1355 1121 1498 1176; x_wconf 63' lang='lat' dir='ltr'>coneum·</span> <span class='ocrx_word' id='word_1_89' title='bbox 1554 1197 1555 1200; x_wconf 8' lang='grc' dir='ltr'><strong>Ἴ</strong></span> 
     </span>
     <span class='ocr_line' id='line_1_10' title="bbox 165 1200 1499 1301; baseline -0.001 -34"><span class='ocrx_word' id='word_1_90' title='bbox 165 1202 578 1285; x_wconf 81' lang='lat' dir='ltr'>diueoeaacerdotii,sorte</span> <span class='ocrx_word' id='word_1_91' title='bbox 600 1201 694 1274; x_wconf 73' lang='lat' dir='ltr'>acciit,</span> <span class='ocrx_word' id='word_1_92' title='bbox 721 1201 1102 1286; x_wconf 74' lang='lat' dir='ltr'>otinceuaumpcneret‚</span> <span class='ocrx_word' id='word_1_93' title='bbox 1124 1203 1344 1286; x_wconf 67' lang='lat' dir='ltr'>ingressuris</span> <span class='ocrx_word' id='word_1_94' title='bbox 1372 1200 1499 1301; x_wconf 71' lang='lat' dir='ltr'>ternplum</span> 
     </span>
     <span class='ocr_line' id='line_1_11' title="bbox 164 1292 294 1358; baseline -0.034 0"><span class='ocrx_word' id='word_1_95' title='bbox 164 1292 294 1358; x_wconf 74' lang='grc' dir='ltr'>ἀιιιίιί.</span> 
     </span>
     <span class='ocr_line' id='line_1_12' title="bbox 253 1376 1556 1462; baseline -0.001 -18"><span class='ocrx_word' id='word_1_96' title='bbox 253 1383 302 1444; x_wconf 79' lang='lat' dir='ltr'>E&#39;x</span> <span class='ocrx_word' id='word_1_97' title='bbox 321 1380 379 1442; x_wconf 91' lang='lat' dir='ltr'>hoc</span> <span class='ocrx_word' id='word_1_98' title='bbox 401 1379 475 1442; x_wconf 90' lang='lat' dir='ltr'>loco·</span> <span class='ocrx_word' id='word_1_99' title='bbox 492 1378 536 1441; x_wconf 88' lang='lat' dir='ltr'>sic</span> <span class='ocrx_word' id='word_1_100' title='bbox 557 1376 766 1442; x_wconf 86' lang='lat' dir='ltr'>ratiocinari</span> <span class='ocrx_word' id='word_1_101' title='bbox 756 1398 813 1440; x_wconf 91' lang='lat' dir='ltr'>nos</span> <span class='ocrx_word' id='word_1_102' title='bbox 835 1381 952 1442; x_wconf 90' lang='lat' dir='ltr'>monuit</span> <span class='ocrx_word' id='word_1_103' title='bbox 974 1378 1128 1462; x_wconf 79' lang='lat' dir='ltr'>Scaliger,</span> <span class='ocrx_word' id='word_1_104' title='bbox 1151 1400 1218 1443; x_wconf 91' lang='lat' dir='ltr'>cum</span> <span class='ocrx_word' id='word_1_105' title='bbox 1239 1381 1327 1459; x_wconf 84' lang='lat' dir='ltr'>vices</span> <span class='ocrx_word' id='word_1_106' title='bbox 1349 1391 1451 1443; x_wconf 86' lang='lat' dir='ltr'>esseut</span> <span class='ocrx_word' id='word_1_107' title='bbox 1469 1381 1499 1443; x_wconf 97' lang='grc'>24</span> <span class='ocrx_word' id='word_1_108' title='bbox 1555 1408 1556 1456; x_wconf 85' lang='lat'>1</span> 
     </span>
     <span class='ocr_line' id='line_1_13' title="bbox 166 1462 1499 1553; baseline -0.002 -19"><span class='ocrx_word' id='word_1_109' title='bbox 166 1469 204 1553; x_wconf 89' lang='lat'>(1.</span> <span class='ocrx_word' id='word_1_110' title='bbox 214 1473 284 1534; x_wconf 87' lang='lat' dir='ltr'>Par.</span> <span class='ocrx_word' id='word_1_111' title='bbox 295 1470 346 1532; x_wconf 87' lang='grc'>23.</span> <span class='ocrx_word' id='word_1_112' title='bbox 362 1469 471 1531; x_wconf 84' lang='lat' dir='ltr'>vers3</span> <span class='ocrx_word' id='word_1_113' title='bbox 486 1462 546 1549; x_wconf 90' lang='lat' dir='ltr'>sq.)</span> <span class='ocrx_word' id='word_1_114' title='bbox 564 1474 596 1531; x_wconf 91' lang='grc' dir='ltr'>ιι</span> <span class='ocrx_word' id='word_1_115' title='bbox 604 1467 704 1531; x_wconf 87' lang='lat' dir='ltr'>Abiae</span> <span class='ocrx_word' id='word_1_116' title='bbox 721 1467 803 1530; x_wconf 90' lang='lat' dir='ltr'>vices</span> <span class='ocrx_word' id='word_1_117' title='bbox 814 1475 942 1532; x_wconf 82' lang='lat' dir='ltr'>octavae</span> <span class='ocrx_word' id='word_1_118' title='bbox 954 1465 993 1550; x_wconf 93' lang='lat' dir='ltr'>(I.</span> <span class='ocrx_word' id='word_1_119' title='bbox 1002 1470 1072 1532; x_wconf 89' lang='lat' dir='ltr'>Par.</span> <span class='ocrx_word' id='word_1_120' title='bbox 1089 1470 1139 1545; x_wconf 81' lang='lat'>24,</span> <span class='ocrx_word' id='word_1_121' title='bbox 1155 1489 1233 1532; x_wconf 89' lang='lat' dir='ltr'>vers.</span> <span class='ocrx_word' id='word_1_122' title='bbox 1247 1463 1315 1550; x_wconf 88' lang='grc'><strong>10.)</strong></span> <span class='ocrx_word' id='word_1_123' title='bbox 1333 1489 1412 1533; x_wconf 84' lang='lat' dir='ltr'>anno</span> <span class='ocrx_word' id='word_1_124' title='bbox 1426 1470 1499 1551; x_wconf 88' lang='lat' dir='ltr'>igitur</span> 
     </span>
     <span class='ocr_line' id='line_1_14' title="bbox 164 1556 1555 1641; baseline -0.001 -17"><span class='ocrx_word' id='word_1_125' title='bbox 164 1580 223 1624; x_wconf 91' lang='lat' dir='ltr'>uno</span> <span class='ocrx_word' id='word_1_126' title='bbox 239 1580 300 1621; x_wconf 91' lang='lat' dir='ltr'>non</span> <span class='ocrx_word' id='word_1_127' title='bbox 315 1558 437 1639; x_wconf 91' lang='lat' dir='ltr'>saepius</span> <span class='ocrx_word' id='word_1_128' title='bbox 453 1577 542 1638; x_wconf 90' lang='lat' dir='ltr'>quam</span> <span class='ocrx_word' id='word_1_129' title='bbox 556 1556 604 1620; x_wconf 90' lang='lat' dir='ltr'>bis</span> <span class='ocrx_word' id='word_1_130' title='bbox 620 1557 762 1620; x_wconf 80' lang='lat' dir='ltr'>redibant</span> <span class='ocrx_word' id='word_1_131' title='bbox 776 1556 859 1618; x_wconf 88' lang='lat' dir='ltr'>vices</span> <span class='ocrx_word' id='word_1_132' title='bbox 875 1559 916 1619; x_wconf 91' lang='lat' dir='ltr'>ad</span> <span class='ocrx_word' id='word_1_133' title='bbox 931 1559 1066 1621; x_wconf 91' lang='lat' dir='ltr'>eundem.</span> <span class='ocrx_word' id='word_1_134' title='bbox 1092 1557 1208 1630; x_wconf 78' lang='lat' dir='ltr'><strong>Quodsi</strong></span> <span class='ocrx_word' id='word_1_135' title='bbox 1223 1578 1285 1641; x_wconf 89' lang='lat' dir='ltr'>qua</span> <span class='ocrx_word' id='word_1_136' title='bbox 1301 1560 1352 1621; x_wconf 89' lang='lat' dir='ltr'>via</span> <span class='ocrx_word' id='word_1_137' title='bbox 1362 1579 1500 1640; x_wconf 86' lang='lat' dir='ltr'>possemus</span> <span class='ocrx_word' id='word_1_138' title='bbox 1554 1563 1555 1566; x_wconf 74' lang='grc'>’</span> 
     </span>
     <span class='ocr_line' id='line_1_15' title="bbox 165 1644 1555 1734; baseline -0.003 -20"><span class='ocrx_word' id='word_1_139' title='bbox 165 1646 370 1729; x_wconf 85' lang='lat' dir='ltr'>investigare,</span> <span class='ocrx_word' id='word_1_140' title='bbox 393 1644 500 1728; x_wconf 90' lang='lat' dir='ltr'>quibus</span> <span class='ocrx_word' id='word_1_141' title='bbox 516 1645 622 1709; x_wconf 90' lang='lat' dir='ltr'>diebus</span> <span class='ocrx_word' id='word_1_142' title='bbox 637 1647 760 1728; x_wconf 91' lang='lat' dir='ltr'>ejusque</span> <span class='ocrx_word' id='word_1_143' title='bbox 776 1645 847 1708; x_wconf 91' lang='lat' dir='ltr'>anni</span> <span class='ocrx_word' id='word_1_144' title='bbox 869 1646 952 1709; x_wconf 86' lang='lat' dir='ltr'>vices</span> <span class='ocrx_word' id='word_1_145' title='bbox 975 1648 1105 1734; x_wconf 84' lang='lat' dir='ltr'>fuissent</span> <span class='ocrx_word' id='word_1_146' title='bbox 1118 1649 1232 1723; x_wconf 90' lang='lat' dir='ltr'>Abiae,</span> <span class='ocrx_word' id='word_1_147' title='bbox 1247 1649 1318 1728; x_wconf 85' lang='lat' dir='ltr'>jam</span> <span class='ocrx_word' id='word_1_148' title='bbox 1339 1649 1499 1711; x_wconf 79' lang='lat' dir='ltr'>haberemus</span> <span class='ocrx_word' id='word_1_149' title='bbox 1554 1722 1555 1727; x_wconf 8' lang='grc' dir='ltr'>γ</span> 
     </span>
     <span class='ocr_line' id='line_1_16' title="bbox 165 1735 1499 1821; baseline -0.003 -19"><span class='ocrx_word' id='word_1_150' title='bbox 165 1746 283 1821; x_wconf 86' lang='lat' dir='ltr'>tempos</span> <span class='ocrx_word' id='word_1_151' title='bbox 300 1735 453 1818; x_wconf 75' lang='lat' dir='ltr'>annique</span> <span class='ocrx_word' id='word_1_152' title='bbox 469 1743 635 1816; x_wconf 89' lang='lat' dir='ltr'>conceptus</span> <span class='ocrx_word' id='word_1_153' title='bbox 649 1736 798 1810; x_wconf 89' lang='lat' dir='ltr'>Joannes,</span> <span class='ocrx_word' id='word_1_154' title='bbox 820 1735 889 1797; x_wconf 91' lang='lat' dir='ltr'>iude</span> <span class='ocrx_word' id='word_1_155' title='bbox 905 1755 1008 1799; x_wconf 91' lang='lat' dir='ltr'>mense</span> <span class='ocrx_word' id='word_1_156' title='bbox 1025 1744 1112 1799; x_wconf 84' lang='lat' dir='ltr'>sexto</span> <span class='ocrx_word' id='word_1_157' title='bbox 1128 1745 1296 1817; x_wconf 88' lang='lat' dir='ltr'>conceptus</span> <span class='ocrx_word' id='word_1_158' title='bbox 1313 1745 1364 1799; x_wconf 94' lang='lat' dir='ltr'>est</span> <span class='ocrx_word' id='word_1_159' title='bbox 1379 1736 1499 1801; x_wconf 81' lang='lat' dir='ltr'>Christus</span> 
     </span>
     <span class='ocr_line' id='line_1_17' title="bbox 168 1820 1555 1908; baseline -0.001 -17"><span class='ocrx_word' id='word_1_160' title='bbox 168 1836 316 1908; x_wconf 87' lang='lat' dir='ltr'>natusque</span> <span class='ocrx_word' id='word_1_161' title='bbox 332 1833 405 1907; x_wconf 91' lang='lat' dir='ltr'>post</span> <span class='ocrx_word' id='word_1_162' title='bbox 419 1840 539 1888; x_wconf 88' lang='lat' dir='ltr'>menses</span> <span class='ocrx_word' id='word_1_163' title='bbox 556 1825 633 1887; x_wconf 93' lang='lat' dir='ltr'>alios</span> <span class='ocrx_word' id='word_1_164' title='bbox 649 1844 766 1887; x_wconf 88' lang='lat' dir='ltr'>novem.</span> <span class='ocrx_word' id='word_1_165' title='bbox 806 1824 927 1887; x_wconf 86' lang='lat' dir='ltr'>Vicium</span> <span class='ocrx_word' id='word_1_166' title='bbox 941 1826 1060 1907; x_wconf 93' lang='lat' dir='ltr'>quidem</span> <span class='ocrx_word' id='word_1_167' title='bbox 1076 1826 1229 1889; x_wconf 81' lang='lat' dir='ltr'>successio</span> <span class='ocrx_word' id='word_1_168' title='bbox 1245 1826 1330 1906; x_wconf 91' lang='lat' dir='ltr'>apud</span> <span class='ocrx_word' id='word_1_169' title='bbox 1344 1827 1500 1906; x_wconf 88' lang='lat' dir='ltr'>Josepbuu,</span> <span class='ocrx_word' id='word_1_170' title='bbox 1552 1820 1555 1897; x_wconf 58' lang='grc' dir='ltr'>’ς</span> 
     </span>
     <span class='ocr_line' id='line_1_18' title="bbox 166 1913 1555 1998; baseline -0.004 -17"><span class='ocrx_word' id='word_1_171' title='bbox 166 1917 369 1998; x_wconf 75' lang='grc' dir='ltr'>ἐιιιιιχισμος</span> <span class='ocrx_word' id='word_1_172' title='bbox 390 1913 489 1989; x_wconf 92' lang='lat' dir='ltr'>dicta,</span> <span class='ocrx_word' id='word_1_173' title='bbox 510 1913 737 1994; x_wconf 81' lang='lat' dir='ltr'>religiosissime</span> <span class='ocrx_word' id='word_1_174' title='bbox 754 1914 990 1990; x_wconf 85' lang='lat' dir='ltr'>observabatur,</span> <span class='ocrx_word' id='word_1_175' title='bbox 1010 1915 1087 1977; x_wconf 89' lang='lat' dir='ltr'>adeo</span> <span class='ocrx_word' id='word_1_176' title='bbox 1102 1925 1137 1978; x_wconf 88' lang='lat' dir='ltr'>ut</span> <span class='ocrx_word' id='word_1_177' title='bbox 1151 1922 1370 1995; x_wconf 84' lang='lat' dir='ltr'>mactarentur</span> <span class='ocrx_word' id='word_1_178' title='bbox 1381 1916 1419 1977; x_wconf 82' lang='lat' dir='ltr'>ad</span> <span class='ocrx_word' id='word_1_179' title='bbox 1434 1933 1499 1978; x_wconf 86' lang='lat' dir='ltr'>aran</span> <span class='ocrx_word' id='word_1_180' title='bbox 1550 1917 1555 1968; x_wconf 77' lang='grc' dir='ltr'>ἶ</span> 
     </span>
     <span class='ocr_line' id='line_1_19' title="bbox 167 2000 1555 2084; baseline -0.004 -15"><span class='ocrx_word' id='word_1_181' title='bbox 167 2006 360 2078; x_wconf 88' lang='lat' dir='ltr'>sacerdotes,</span> <span class='ocrx_word' id='word_1_182' title='bbox 382 2003 463 2084; x_wconf 90' lang='lat' dir='ltr'>quod</span> <span class='ocrx_word' id='word_1_183' title='bbox 478 2023 511 2065; x_wconf 90' lang='lat' dir='ltr'>se</span> <span class='ocrx_word' id='word_1_184' title='bbox 532 2003 571 2065; x_wconf 91' lang='lat' dir='ltr'>ab</span> <span class='ocrx_word' id='word_1_185' title='bbox 586 2003 753 2083; x_wconf 88' lang='lat' dir='ltr'>irruptione</span> <span class='ocrx_word' id='word_1_186' title='bbox 776 2003 909 2065; x_wconf 87' lang='lat' dir='ltr'>hostimu</span> <span class='ocrx_word' id='word_1_187' title='bbox 924 2026 943 2066; x_wconf 97' lang='lat' dir='ltr'>a</span> <span class='ocrx_word' id='word_1_188' title='bbox 958 2005 1117 2084; x_wconf 81' lang='lat' dir='ltr'>fungendis</span> <span class='ocrx_word' id='word_1_189' title='bbox 1134 2005 1255 2067; x_wconf 89' lang='lat' dir='ltr'>vicibus</span> <span class='ocrx_word' id='word_1_190' title='bbox 1277 2005 1442 2067; x_wconf 87' lang='lat' dir='ltr'>absterreri</span> <span class='ocrx_word' id='word_1_191' title='bbox 1455 2022 1498 2065; x_wconf 92' lang='grc' dir='ltr'>ιιι</span> <span class='ocrx_word' id='word_1_192' title='bbox 1554 2000 1555 2004; x_wconf 68' lang='grc'>’</span> 
     </span>
     <span class='ocr_line' id='line_1_20' title="bbox 166 2091 1551 2177; baseline -0.002 -19"><span class='ocrx_word' id='word_1_193' title='bbox 166 2101 361 2177; x_wconf 90' lang='lat' dir='ltr'>paterentur,</span> <span class='ocrx_word' id='word_1_194' title='bbox 384 2100 416 2154; x_wconf 91' lang='lat' dir='ltr'>et</span> <span class='ocrx_word' id='word_1_195' title='bbox 437 2112 504 2154; x_wconf 91' lang='lat' dir='ltr'>cum</span> <span class='ocrx_word' id='word_1_196' title='bbox 525 2092 605 2154; x_wconf 91' lang='lat' dir='ltr'>bello</span> <span class='ocrx_word' id='word_1_197' title='bbox 620 2091 727 2154; x_wconf 88' lang='lat' dir='ltr'>ultimo</span> <span class='ocrx_word' id='word_1_198' title='bbox 750 2091 935 2154; x_wconf 82' lang='lat' dir='ltr'>defecissent</span> <span class='ocrx_word' id='word_1_199' title='bbox 958 2093 1135 2176; x_wconf 89' lang='lat' dir='ltr'>quandoque</span> <span class='ocrx_word' id='word_1_200' title='bbox 1157 2113 1311 2174; x_wconf 91' lang='lat' dir='ltr'>personae</span> <span class='ocrx_word' id='word_1_201' title='bbox 1333 2093 1409 2155; x_wconf 90' lang='lat' dir='ltr'>vicis</span> <span class='ocrx_word' id='word_1_202' title='bbox 1423 2093 1498 2166; x_wconf 84' lang='lat' dir='ltr'>ouius,</span> <span class='ocrx_word' id='word_1_203' title='bbox 1550 2124 1551 2128; x_wconf 58' lang='lat'><em>=</em></span> 
     </span>
     <span class='ocr_line' id='line_1_21' title="bbox 166 2175 1498 2262; baseline -0.002 -15"><span class='ocrx_word' id='word_1_204' title='bbox 166 2186 336 2262; x_wconf 90' lang='lat' dir='ltr'>interrupta</span> <span class='ocrx_word' id='word_1_205' title='bbox 352 2181 565 2244; x_wconf 85' lang='lat' dir='ltr'>sacrificiorum</span> <span class='ocrx_word' id='word_1_206' title='bbox 582 2181 799 2243; x_wconf 88' lang='lat' dir='ltr'>consuetudine</span> <span class='ocrx_word' id='word_1_207' title='bbox 820 2175 912 2261; x_wconf 90' lang='lat' dir='ltr'>(adeo</span> <span class='ocrx_word' id='word_1_208' title='bbox 928 2183 1066 2262; x_wconf 88' lang='lat' dir='ltr'>religioni</span> <span class='ocrx_word' id='word_1_209' title='bbox 1088 2183 1146 2246; x_wconf 93' lang='lat' dir='ltr'>sibi</span> <span class='ocrx_word' id='word_1_210' title='bbox 1162 2183 1318 2245; x_wconf 88' lang='lat' dir='ltr'>ducebant</span> <span class='ocrx_word' id='word_1_211' title='bbox 1337 2183 1498 2262; x_wconf 84' lang='lat' dir='ltr'>permiscere</span> 
     </span>
     <span class='ocr_line' id='line_1_22' title="bbox 167 2266 1498 2351; baseline -0.002 -17"><span class='ocrx_word' id='word_1_212' title='bbox 167 2266 264 2351; x_wconf 88' lang='lat' dir='ltr'>vices)</span> <span class='ocrx_word' id='word_1_213' title='bbox 286 2271 318 2333; x_wconf 92' lang='lat' dir='ltr'>id</span> <span class='ocrx_word' id='word_1_214' title='bbox 332 2270 363 2332; x_wconf 92' lang='lat' dir='ltr'>in</span> <span class='ocrx_word' id='word_1_215' title='bbox 377 2270 471 2332; x_wconf 77' lang='lat' dir='ltr'>ferale</span> <span class='ocrx_word' id='word_1_216' title='bbox 487 2276 724 2332; x_wconf 82' lang='lat' dir='ltr'>omemtractum</span> <span class='ocrx_word' id='word_1_217' title='bbox 746 2269 812 2333; x_wconf 83' lang='lat' dir='ltr'>fuit.</span> <span class='ocrx_word' id='word_1_218' title='bbox 856 2270 954 2350; x_wconf 91' lang='lat' dir='ltr'>Igitur</span> <span class='ocrx_word' id='word_1_219' title='bbox 967 2273 1001 2344; x_wconf 88' lang='lat' dir='ltr'>in</span> <span class='ocrx_word' id='word_1_220' title='bbox 1014 2271 1046 2335; x_wconf 92' lang='lat' dir='ltr'>id</span> <span class='ocrx_word' id='word_1_221' title='bbox 1062 2271 1280 2335; x_wconf 88' lang='lat' dir='ltr'>elaborandum</span> <span class='ocrx_word' id='word_1_222' title='bbox 1296 2271 1385 2334; x_wconf 90' lang='lat' dir='ltr'>nobis</span> <span class='ocrx_word' id='word_1_223' title='bbox 1401 2279 1458 2345; x_wconf 91' lang='lat' dir='ltr'>est,</span> <span class='ocrx_word' id='word_1_224' title='bbox 1474 2278 1498 2331; x_wconf 92' lang='grc' dir='ltr'>ιι</span> 
     </span>
     <span class='ocr_line' id='line_1_23' title="bbox 169 2358 1497 2442; baseline -0.002 -18"><span class='ocrx_word' id='word_1_225' title='bbox 169 2369 284 2424; x_wconf 87' lang='lat' dir='ltr'>certum</span> <span class='ocrx_word' id='word_1_226' title='bbox 309 2359 429 2440; x_wconf 90' lang='lat' dir='ltr'>aliquod</span> <span class='ocrx_word' id='word_1_227' title='bbox 450 2359 568 2421; x_wconf 91' lang='lat' dir='ltr'>initium</span> <span class='ocrx_word' id='word_1_228' title='bbox 590 2358 756 2422; x_wconf 90' lang='lat' dir='ltr'>habeamus</span> <span class='ocrx_word' id='word_1_229' title='bbox 779 2360 1032 2441; x_wconf 84' lang='lat' dir='ltr'>ephemeriarum,</span> <span class='ocrx_word' id='word_1_230' title='bbox 1053 2362 1133 2423; x_wconf 93' lang='lat' dir='ltr'>unde</span> <span class='ocrx_word' id='word_1_231' title='bbox 1156 2361 1194 2423; x_wconf 91' lang='lat' dir='ltr'>ad</span> <span class='ocrx_word' id='word_1_232' title='bbox 1217 2380 1314 2442; x_wconf 91' lang='lat' dir='ltr'>usque</span> <span class='ocrx_word' id='word_1_233' title='bbox 1338 2361 1497 2423; x_wconf 83' lang='lat' dir='ltr'>Zachariam</span> 
     </span>
     <span class='ocr_line' id='line_1_24' title="bbox 168 2447 1495 2531; baseline -0.002 -18"><span class='ocrx_word' id='word_1_234' title='bbox 168 2470 228 2513; x_wconf 87' lang='lat' dir='ltr'>uon</span> <span class='ocrx_word' id='word_1_235' title='bbox 244 2449 334 2511; x_wconf 85' lang='lat' dir='ltr'>fuerit</span> <span class='ocrx_word' id='word_1_236' title='bbox 355 2447 543 2530; x_wconf 89' lang='lat' dir='ltr'>interruptus</span> <span class='ocrx_word' id='word_1_237' title='bbox 559 2448 649 2510; x_wconf 89' lang='lat' dir='ltr'>ordo:</span> <span class='ocrx_word' id='word_1_238' title='bbox 672 2449 816 2521; x_wconf 88' lang='lat' dir='ltr'>namhoc</span> <span class='ocrx_word' id='word_1_239' title='bbox 831 2448 954 2512; x_wconf 89' lang='lat' dir='ltr'>invento</span> <span class='ocrx_word' id='word_1_240' title='bbox 977 2450 1093 2531; x_wconf 90' lang='lat' dir='ltr'>reliqua</span> <span class='ocrx_word' id='word_1_241' title='bbox 1109 2458 1181 2512; x_wconf 90' lang='lat' dir='ltr'>sunt</span> <span class='ocrx_word' id='word_1_242' title='bbox 1199 2450 1304 2512; x_wconf 85' lang='lat' dir='ltr'>facilia</span> <span class='ocrx_word' id='word_1_243' title='bbox 1309 2468 1319 2524; x_wconf 91' lang='lat'>;</span> <span class='ocrx_word' id='word_1_244' title='bbox 1344 2468 1438 2512; x_wconf 84' lang='lat' dir='ltr'>annus</span> <span class='ocrx_word' id='word_1_245' title='bbox 1451 2448 1495 2511; x_wconf 80' lang='lat' dir='ltr'>Se</span> 
     </span>
    </p>
   </div>
   <div class='ocr_carea' id='block_1_5' title="bbox 58 2536 1496 2620">
    <p class='ocr_par' dir='ltr' id='par_1_5' title="bbox 58 2536 1496 2620">
     <span class='ocr_line' id='line_1_25' title="bbox 58 2536 1496 2620; baseline -0.002 -17"><span class='ocrx_word' id='word_1_246' title='bbox 58 2541 59 2544; x_wconf 69' lang='grc'>’</span> <span class='ocrx_word' id='word_1_247' title='bbox 167 2539 242 2603; x_wconf 85' lang='lat' dir='ltr'>laris</span> <span class='ocrx_word' id='word_1_248' title='bbox 257 2536 642 2612; x_wconf 65' lang='lat' dir='ltr'>hebethebdcmadasffl,</span> <span class='ocrx_word' id='word_1_249' title='bbox 665 2537 743 2599; x_wconf 91' lang='lat' dir='ltr'>diem</span> <span class='ocrx_word' id='word_1_250' title='bbox 760 2538 788 2611; x_wconf 94' lang='lat' dir='ltr'>l,</span> <span class='ocrx_word' id='word_1_251' title='bbox 804 2546 837 2600; x_wconf 90' lang='lat' dir='ltr'>et</span> <span class='ocrx_word' id='word_1_252' title='bbox 851 2546 959 2618; x_wconf 92' lang='lat' dir='ltr'>quarto</span> <span class='ocrx_word' id='word_1_253' title='bbox 976 2558 1091 2620; x_wconf 90' lang='lat' dir='ltr'>quoque</span> <span class='ocrx_word' id='word_1_254' title='bbox 1108 2540 1173 2601; x_wconf 92' lang='lat' dir='ltr'>dies</span> <span class='ocrx_word' id='word_1_255' title='bbox 1189 2541 1218 2601; x_wconf 88' lang='lat'>2.</span> <span class='ocrx_word' id='word_1_256' title='bbox 1253 2540 1365 2619; x_wconf 86' lang='lat' dir='ltr'>Itaque</span> <span class='ocrx_word' id='word_1_257' title='bbox 1382 2538 1448 2600; x_wconf 88' lang='lat' dir='ltr'>anni</span> <span class='ocrx_word' id='word_1_258' title='bbox 1461 2536 1496 2608; x_wconf 76' lang='grc'>28</span> 
     </span>
    </p>
   </div>
   <div class='ocr_carea' id='block_1_6' title="bbox 168 2624 1551 3598">
    <p class='ocr_par' dir='ltr' id='par_1_6' title="bbox 168 2624 1551 3598">
     <span class='ocr_line' id='line_1_26' title="bbox 169 2624 1496 2708; baseline -0.002 -18"><span class='ocrx_word' id='word_1_259' title='bbox 169 2648 246 2690; x_wconf 89' lang='lat' dir='ltr'>unus</span> <span class='ocrx_word' id='word_1_260' title='bbox 262 2625 379 2689; x_wconf 90' lang='lat' dir='ltr'>scilieet</span> <span class='ocrx_word' id='word_1_261' title='bbox 394 2626 497 2708; x_wconf 88' lang='lat' dir='ltr'>cyclus</span> <span class='ocrx_word' id='word_1_262' title='bbox 513 2624 605 2701; x_wconf 89' lang='lat' dir='ltr'>Solis,</span> <span class='ocrx_word' id='word_1_263' title='bbox 621 2634 832 2689; x_wconf 88' lang='lat' dir='ltr'>consummant</span> <span class='ocrx_word' id='word_1_264' title='bbox 847 2627 911 2689; x_wconf 92' lang='lat' dir='ltr'>dies</span> <span class='ocrx_word' id='word_1_265' title='bbox 927 2628 1073 2690; x_wconf 90' lang='lat' dir='ltr'>residuos.</span> <span class='ocrx_word' id='word_1_266' title='bbox 1106 2628 1190 2691; x_wconf 91' lang='lat' dir='ltr'>Ordo</span> <span class='ocrx_word' id='word_1_267' title='bbox 1207 2647 1280 2690; x_wconf 90' lang='lat' dir='ltr'>vero</span> <span class='ocrx_word' id='word_1_268' title='bbox 1297 2627 1345 2690; x_wconf 91' lang='lat' dir='ltr'>bis</span> <span class='ocrx_word' id='word_1_269' title='bbox 1362 2636 1496 2690; x_wconf 85' lang='lat' dir='ltr'>revertens</span> 
     </span>
     <span class='ocr_line' id='line_1_27' title="bbox 168 2714 1496 2797; baseline -0.005 -17"><span class='ocrx_word' id='word_1_270' title='bbox 168 2715 375 2781; x_wconf 88' lang='lat' dir='ltr'>hebdomadas</span> <span class='ocrx_word' id='word_1_271' title='bbox 390 2715 485 2777; x_wconf 89' lang='lat' dir='ltr'>habet</span> <span class='ocrx_word' id='word_1_272' title='bbox 500 2722 619 2777; x_wconf 90' lang='lat' dir='ltr'>tantum</span> <span class='ocrx_word' id='word_1_273' title='bbox 634 2714 691 2787; x_wconf 84' lang='grc'>48,</span> <span class='ocrx_word' id='word_1_274' title='bbox 712 2724 874 2797; x_wconf 89' lang='lat' dir='ltr'>supersunt</span> <span class='ocrx_word' id='word_1_275' title='bbox 888 2716 919 2778; x_wconf 93' lang='lat' dir='ltr'>in</span> <span class='ocrx_word' id='word_1_276' title='bbox 935 2717 1071 2796; x_wconf 88' lang='lat' dir='ltr'>singulos</span> <span class='ocrx_word' id='word_1_277' title='bbox 1095 2722 1191 2796; x_wconf 79' lang='lat' dir='ltr'>annos</span> <span class='ocrx_word' id='word_1_278' title='bbox 1213 2717 1422 2791; x_wconf 86' lang='lat' dir='ltr'>hebdomades</span> <span class='ocrx_word' id='word_1_279' title='bbox 1440 2717 1458 2778; x_wconf 89' lang='grc'>4</span> <span class='ocrx_word' id='word_1_280' title='bbox 1475 2724 1496 2775; x_wconf 88' lang='lat' dir='ltr'>et</span> 
     </span>
     <span class='ocr_line' id='line_1_28' title="bbox 168 2803 1496 2888; baseline -0.003 -20"><span class='ocrx_word' id='word_1_281' title='bbox 168 2806 319 2869; x_wconf 89' lang='lat' dir='ltr'>interdum</span> <span class='ocrx_word' id='word_1_282' title='bbox 334 2803 364 2866; x_wconf 92' lang='grc'>5.</span> <span class='ocrx_word' id='word_1_283' title='bbox 393 2804 443 2866; x_wconf 85' lang='grc' dir='ltr'>Ιιι</span> <span class='ocrx_word' id='word_1_284' title='bbox 459 2805 501 2878; x_wconf 86' lang='lat' dir='ltr'>fit,</span> <span class='ocrx_word' id='word_1_285' title='bbox 516 2810 552 2866; x_wconf 90' lang='lat' dir='ltr'>ut</span> <span class='ocrx_word' id='word_1_286' title='bbox 565 2812 639 2885; x_wconf 91' lang='lat' dir='ltr'>post</span> <span class='ocrx_word' id='word_1_287' title='bbox 653 2816 749 2866; x_wconf 88' lang='lat' dir='ltr'>annos</span> <span class='ocrx_word' id='word_1_288' title='bbox 768 2804 811 2868; x_wconf 89' lang='grc'>28</span> <span class='ocrx_word' id='word_1_289' title='bbox 820 2805 1026 2869; x_wconf 90' lang='lat' dir='ltr'>hebdomades</span> <span class='ocrx_word' id='word_1_290' title='bbox 1042 2807 1197 2887; x_wconf 87' lang='lat' dir='ltr'>supersint</span> <span class='ocrx_word' id='word_1_291' title='bbox 1212 2806 1252 2868; x_wconf 85' lang='lat'>21</span> <span class='ocrx_word' id='word_1_292' title='bbox 1270 2826 1366 2886; x_wconf 88' lang='lat' dir='ltr'>supra</span> <span class='ocrx_word' id='word_1_293' title='bbox 1380 2805 1496 2888; x_wconf 87' lang='lat' dir='ltr'>periodos</span> 
     </span>
     <span class='ocr_line' id='line_1_29' title="bbox 168 2891 1496 2976; baseline -0.002 -19"><span class='ocrx_word' id='word_1_294' title='bbox 168 2895 316 2974; x_wconf 87' lang='lat' dir='ltr'>integras,</span> <span class='ocrx_word' id='word_1_295' title='bbox 336 2893 442 2973; x_wconf 89' lang='lat' dir='ltr'>quibus</span> <span class='ocrx_word' id='word_1_296' title='bbox 459 2893 547 2955; x_wconf 89' lang='lat' dir='ltr'>deest</span> <span class='ocrx_word' id='word_1_297' title='bbox 562 2902 673 2956; x_wconf 89' lang='lat' dir='ltr'>octava</span> <span class='ocrx_word' id='word_1_298' title='bbox 688 2913 759 2975; x_wconf 90' lang='lat' dir='ltr'>pars</span> <span class='ocrx_word' id='word_1_299' title='bbox 774 2894 862 2956; x_wconf 90' lang='lat' dir='ltr'>unius</span> <span class='ocrx_word' id='word_1_300' title='bbox 876 2895 1002 2976; x_wconf 88' lang='lat' dir='ltr'>periodi.</span> <span class='ocrx_word' id='word_1_301' title='bbox 1048 2895 1129 2958; x_wconf 89' lang='lat' dir='ltr'>Octo</span> <span class='ocrx_word' id='word_1_302' title='bbox 1152 2895 1245 2976; x_wconf 92' lang='lat' dir='ltr'>igitur</span> <span class='ocrx_word' id='word_1_303' title='bbox 1265 2895 1362 2976; x_wconf 85' lang='lat' dir='ltr'>cyclis</span> <span class='ocrx_word' id='word_1_304' title='bbox 1379 2896 1461 2970; x_wconf 89' lang='lat' dir='ltr'>solis,</span> <span class='ocrx_word' id='word_1_305' title='bbox 1476 2891 1496 2954; x_wconf 86' lang='lat' dir='ltr'>id</span> 
     </span>
     <span class='ocr_line' id='line_1_30' title="bbox 170 2981 1396 3062; baseline 0.001 -16"><span class='ocrx_word' id='word_1_306' title='bbox 170 2991 219 3046; x_wconf 90' lang='lat' dir='ltr'>est</span> <span class='ocrx_word' id='word_1_307' title='bbox 234 2982 321 3046; x_wconf 91' lang='lat' dir='ltr'>annis</span> <span class='ocrx_word' id='word_1_308' title='bbox 337 2982 400 3057; x_wconf 86' lang='grc'>224</span> <span class='ocrx_word' id='word_1_309' title='bbox 416 2981 606 3062; x_wconf 87' lang='lat' dir='ltr'>periodorum</span> <span class='ocrx_word' id='word_1_310' title='bbox 622 3002 689 3045; x_wconf 92' lang='lat' dir='ltr'>cum</span> <span class='ocrx_word' id='word_1_311' title='bbox 704 3002 783 3045; x_wconf 91' lang='lat' dir='ltr'>anno</span> <span class='ocrx_word' id='word_1_312' title='bbox 797 2983 920 3046; x_wconf 86' lang='lat' dir='ltr'>Juliano</span> <span class='ocrx_word' id='word_1_313' title='bbox 935 2985 971 3046; x_wconf 90' lang='lat' dir='ltr'>fit</span> <span class='ocrx_word' id='word_1_314' title='bbox 986 2985 1128 3047; x_wconf 87' lang='lat' dir='ltr'>absoluta</span> <span class='ocrx_word' id='word_1_315' title='bbox 1141 2981 1396 3056; x_wconf 74' lang='grc' dir='ltr'>ἄιοιαιαιτασις.</span> 
     </span>
     <span class='ocr_line' id='line_1_31' title="bbox 257 3067 1551 3154; baseline 0.001 -21"><span class='ocrx_word' id='word_1_316' title='bbox 257 3070 400 3150; x_wconf 86' lang='lat' dir='ltr'>Legimus</span> <span class='ocrx_word' id='word_1_317' title='bbox 421 3067 514 3151; x_wconf 89' lang='lat' dir='ltr'>igitur</span> <span class='ocrx_word' id='word_1_318' title='bbox 530 3073 563 3133; x_wconf 80' lang='grc'>2.</span> <span class='ocrx_word' id='word_1_319' title='bbox 574 3073 643 3134; x_wconf 84' lang='grc' dir='ltr'>Ριι.</span> <span class='ocrx_word' id='word_1_320' title='bbox 654 3072 683 3134; x_wconf 92' lang='grc'>5.</span> <span class='ocrx_word' id='word_1_321' title='bbox 698 3091 777 3134; x_wconf 85' lang='lat' dir='ltr'>vers.</span> <span class='ocrx_word' id='word_1_322' title='bbox 796 3072 845 3133; x_wconf 93' lang='lat'>11.</span> <span class='ocrx_word' id='word_1_323' title='bbox 861 3080 934 3134; x_wconf 89' lang='lat' dir='ltr'>ante</span> <span class='ocrx_word' id='word_1_324' title='bbox 951 3073 1124 3135; x_wconf 88' lang='lat' dir='ltr'>dedicatum</span> <span class='ocrx_word' id='word_1_325' title='bbox 1145 3074 1292 3154; x_wconf 89' lang='lat' dir='ltr'>templum</span> <span class='ocrx_word' id='word_1_326' title='bbox 1308 3074 1437 3136; x_wconf 88' lang='lat' dir='ltr'>nondum</span> <span class='ocrx_word' id='word_1_327' title='bbox 1451 3072 1497 3134; x_wconf 89' lang='lat' dir='ltr'>dir·</span> <span class='ocrx_word' id='word_1_328' title='bbox 1545 3143 1551 3149; x_wconf 8' lang='grc' dir='ltr'>,Ἴ</span> 
     </span>
     <span class='ocr_line' id='line_1_32' title="bbox 170 3159 1497 3243; baseline -0.002 -18"><span class='ocrx_word' id='word_1_329' title='bbox 170 3162 285 3225; x_wconf 86' lang='lat' dir='ltr'>tributa</span> <span class='ocrx_word' id='word_1_330' title='bbox 300 3161 393 3223; x_wconf 78' lang='lat' dir='ltr'>luisse</span> <span class='ocrx_word' id='word_1_331' title='bbox 408 3160 509 3223; x_wconf 90' lang='lat' dir='ltr'>munia</span> <span class='ocrx_word' id='word_1_332' title='bbox 523 3179 579 3242; x_wconf 90' lang='lat' dir='ltr'>per</span> <span class='ocrx_word' id='word_1_333' title='bbox 593 3161 691 3235; x_wconf 89' lang='lat' dir='ltr'>vices,</span> <span class='ocrx_word' id='word_1_334' title='bbox 714 3161 886 3224; x_wconf 88' lang='lat' dir='ltr'>dedicatum</span> <span class='ocrx_word' id='word_1_335' title='bbox 901 3180 973 3223; x_wconf 91' lang='lat' dir='ltr'>vero</span> <span class='ocrx_word' id='word_1_336' title='bbox 989 3163 1134 3243; x_wconf 87' lang='lat' dir='ltr'>tempium</span> <span class='ocrx_word' id='word_1_337' title='bbox 1158 3182 1237 3225; x_wconf 91' lang='lat' dir='ltr'>anno</span> <span class='ocrx_word' id='word_1_338' title='bbox 1258 3162 1288 3225; x_wconf 83' lang='lat'>8.</span> <span class='ocrx_word' id='word_1_339' title='bbox 1310 3182 1401 3226; x_wconf 89' lang='lat' dir='ltr'>aerae</span> <span class='ocrx_word' id='word_1_340' title='bbox 1416 3159 1497 3240; x_wconf 79' lang='lat' dir='ltr'>templi</span> 
     </span>
     <span class='ocr_line' id='line_1_33' title="bbox 170 3249 1498 3332; baseline 0.002 -19"><span class='ocrx_word' id='word_1_341' title='bbox 170 3269 272 3313; x_wconf 91' lang='lat' dir='ltr'>mense</span> <span class='ocrx_word' id='word_1_342' title='bbox 289 3249 418 3330; x_wconf 91' lang='lat' dir='ltr'>septimo</span> <span class='ocrx_word' id='word_1_343' title='bbox 434 3271 452 3311; x_wconf 92' lang='lat' dir='ltr'>a</span> <span class='ocrx_word' id='word_1_344' title='bbox 468 3250 516 3312; x_wconf 92' lang='lat' dir='ltr'>die</span> <span class='ocrx_word' id='word_1_345' title='bbox 534 3250 583 3313; x_wconf 82' lang='lat'>15.</span> <span class='ocrx_word' id='word_1_346' title='bbox 598 3250 631 3312; x_wconf 94' lang='lat' dir='ltr'>in</span> <span class='ocrx_word' id='word_1_347' title='bbox 646 3251 713 3315; x_wconf 70' lang='grc'>22..</span> <span class='ocrx_word' id='word_1_348' title='bbox 730 3251 816 3313; x_wconf 83' lang='grc' dir='ltr'>Ηιιι</span> <span class='ocrx_word' id='word_1_349' title='bbox 831 3250 924 3331; x_wconf 88' lang='lat' dir='ltr'>igitur</span> <span class='ocrx_word' id='word_1_350' title='bbox 939 3251 1111 3332; x_wconf 87' lang='lat' dir='ltr'>septimana</span> <span class='ocrx_word' id='word_1_351' title='bbox 1129 3251 1311 3332; x_wconf 89' lang='lat' dir='ltr'>principium</span> <span class='ocrx_word' id='word_1_352' title='bbox 1333 3253 1391 3315; x_wconf 82' lang='lat' dir='ltr'>fuit</span> <span class='ocrx_word' id='word_1_353' title='bbox 1405 3252 1498 3314; x_wconf 76' lang='lat' dir='ltr'>naim</span> 
     </span>
     <span class='ocr_line' id='line_1_34' title="bbox 170 3338 1497 3421; baseline -0.002 -19"><span class='ocrx_word' id='word_1_354' title='bbox 170 3340 249 3402; x_wconf 88' lang='lat' dir='ltr'>Hinc</span> <span class='ocrx_word' id='word_1_355' title='bbox 271 3357 342 3401; x_wconf 89' lang='lat' dir='ltr'>vero</span> <span class='ocrx_word' id='word_1_356' title='bbox 361 3339 401 3401; x_wconf 87' lang='lat' dir='ltr'>ad</span> <span class='ocrx_word' id='word_1_357' title='bbox 424 3358 535 3401; x_wconf 87' lang='lat' dir='ltr'>annum</span> <span class='ocrx_word' id='word_1_358' title='bbox 557 3338 608 3405; x_wconf 88' lang='grc'>39.</span> <span class='ocrx_word' id='word_1_359' title='bbox 623 3340 790 3414; x_wconf 90' lang='lat' dir='ltr'>Julianum,</span> <span class='ocrx_word' id='word_1_360' title='bbox 812 3339 843 3401; x_wconf 89' lang='lat' dir='ltr'>iu</span> <span class='ocrx_word' id='word_1_361' title='bbox 859 3359 917 3421; x_wconf 91' lang='lat' dir='ltr'>qno</span> <span class='ocrx_word' id='word_1_362' title='bbox 934 3349 1099 3421; x_wconf 90' lang='lat' dir='ltr'>conceptus</span> <span class='ocrx_word' id='word_1_363' title='bbox 1118 3341 1265 3414; x_wconf 85' lang='lat' dir='ltr'>Joannes,</span> <span class='ocrx_word' id='word_1_364' title='bbox 1288 3342 1450 3404; x_wconf 88' lang='lat' dir='ltr'>secundnm</span> <span class='ocrx_word' id='word_1_365' title='bbox 1465 3356 1497 3400; x_wconf 87' lang='lat' dir='ltr'>me</span> 
     </span>
     <span class='ocr_line' id='line_1_35' title="bbox 170 3427 1547 3509; baseline -0.003 -19"><span class='ocrx_word' id='word_1_366' title='bbox 170 3427 249 3509; x_wconf 89' lang='lat' dir='ltr'>lapsi</span> <span class='ocrx_word' id='word_1_367' title='bbox 265 3435 336 3489; x_wconf 89' lang='lat' dir='ltr'>sunt</span> <span class='ocrx_word' id='word_1_368' title='bbox 351 3427 422 3490; x_wconf 91' lang='lat' dir='ltr'>anni</span> <span class='ocrx_word' id='word_1_369' title='bbox 438 3427 501 3491; x_wconf 88' lang='grc'>985</span> <span class='ocrx_word' id='word_1_370' title='bbox 523 3429 654 3503; x_wconf 87' lang='lat' dir='ltr'>solares;</span> <span class='ocrx_word' id='word_1_371' title='bbox 679 3434 787 3509; x_wconf 87' lang='lat' dir='ltr'>quater</span> <span class='ocrx_word' id='word_1_372' title='bbox 802 3428 865 3491; x_wconf 83' lang='lat'>224</span> <span class='ocrx_word' id='word_1_373' title='bbox 882 3437 954 3491; x_wconf 91' lang='lat' dir='ltr'>sunt</span> <span class='ocrx_word' id='word_1_374' title='bbox 969 3429 1049 3505; x_wconf 89' lang='grc'><strong>896,</strong></span> <span class='ocrx_word' id='word_1_375' title='bbox 1070 3436 1192 3492; x_wconf 87' lang='lat' dir='ltr'>restant</span> <span class='ocrx_word' id='word_1_376' title='bbox 1206 3430 1279 3492; x_wconf 88' lang='lat' dir='ltr'>anni</span> <span class='ocrx_word' id='word_1_377' title='bbox 1295 3429 1349 3493; x_wconf 91' lang='grc'>89.</span> <span class='ocrx_word' id='word_1_378' title='bbox 1396 3429 1454 3494; x_wconf 91' lang='lat' dir='ltr'>Sed</span> <span class='ocrx_word' id='word_1_379' title='bbox 1466 3435 1499 3489; x_wconf 90' lang='lat' dir='ltr'>ter</span> <span class='ocrx_word' id='word_1_380' title='bbox 1546 3450 1547 3455; x_wconf 44' lang='lat'>¹</span> 
     </span>
     <span class='ocr_line' id='line_1_36' title="bbox 172 3513 1498 3598; baseline 0 -19"><span class='ocrx_word' id='word_1_381' title='bbox 172 3516 214 3580; x_wconf 89' lang='grc'>28</span> <span class='ocrx_word' id='word_1_382' title='bbox 231 3517 326 3590; x_wconf 83' lang='grc' dir='ltr'>ιιιιι,</span> <span class='ocrx_word' id='word_1_383' title='bbox 341 3517 399 3579; x_wconf 91' lang='lat' dir='ltr'>hoc</span> <span class='ocrx_word' id='word_1_384' title='bbox 415 3525 464 3580; x_wconf 90' lang='lat' dir='ltr'>est</span> <span class='ocrx_word' id='word_1_385' title='bbox 479 3517 521 3580; x_wconf 86' lang='grc'>84</span> <span class='ocrx_word' id='word_1_386' title='bbox 538 3517 625 3589; x_wconf 86' lang='lat' dir='ltr'>annis</span> <span class='ocrx_word' id='word_1_387' title='bbox 641 3537 733 3597; x_wconf 91' lang='lat' dir='ltr'>supra</span> <span class='ocrx_word' id='word_1_388' title='bbox 747 3518 903 3598; x_wconf 90' lang='lat' dir='ltr'>periodum</span> <span class='ocrx_word' id='word_1_389' title='bbox 918 3519 1107 3582; x_wconf 90' lang='lat' dir='ltr'>transierant</span> <span class='ocrx_word' id='word_1_390' title='bbox 1121 3520 1203 3582; x_wconf 88' lang='lat' dir='ltr'>vices</span> <span class='ocrx_word' id='word_1_391' title='bbox 1223 3513 1272 3582; x_wconf 81' lang='grc'>17.</span> <span class='ocrx_word' id='word_1_392' title='bbox 1298 3517 1434 3583; x_wconf 85' lang='lat' dir='ltr'>Restant</span> <span class='ocrx_word' id='word_1_393' title='bbox 1447 3513 1498 3579; x_wconf 84' lang='lat' dir='ltr'>anui</span> 
     </span>
    </p>
   </div>
   <div class='ocr_carea' id='block_1_7' title="bbox 70 3604 1498 3689">
    <p class='ocr_par' dir='ltr' id='par_1_7' title="bbox 70 3604 1498 3689">
     <span class='ocr_line' id='line_1_37' title="bbox 70 3604 1498 3689; baseline -0.001 -20"><span class='ocrx_word' id='word_1_394' title='bbox 70 3634 73 3644; x_wconf 89' lang='lat'>·</span> <span class='ocrx_word' id='word_1_395' title='bbox 172 3606 209 3681; x_wconf 84' lang='lat'>5,</span> <span class='ocrx_word' id='word_1_396' title='bbox 232 3605 281 3685; x_wconf 93' lang='lat' dir='ltr'>qui</span> <span class='ocrx_word' id='word_1_397' title='bbox 297 3604 413 3668; x_wconf 88' lang='lat' dir='ltr'>addunt</span> <span class='ocrx_word' id='word_1_398' title='bbox 428 3624 520 3686; x_wconf 91' lang='lat' dir='ltr'>supra</span> <span class='ocrx_word' id='word_1_399' title='bbox 541 3606 698 3688; x_wconf 90' lang='lat' dir='ltr'>periodum</span> <span class='ocrx_word' id='word_1_400' title='bbox 716 3606 799 3669; x_wconf 90' lang='lat' dir='ltr'>vices</span> <span class='ocrx_word' id='word_1_401' title='bbox 817 3607 856 3669; x_wconf 88' lang='lat'>21</span> <span class='ocrx_word' id='word_1_402' title='bbox 874 3608 947 3669; x_wconf 82' lang='lat' dir='ltr'>iere.</span> <span class='ocrx_word' id='word_1_403' title='bbox 992 3607 1075 3688; x_wconf 86' lang='lat' dir='ltr'>Ergo</span> <span class='ocrx_word' id='word_1_404' title='bbox 1097 3608 1228 3689; x_wconf 84' lang='lat' dir='ltr'>expletis</span> <span class='ocrx_word' id='word_1_405' title='bbox 1251 3609 1342 3670; x_wconf 91' lang='lat' dir='ltr'>annis</span> <span class='ocrx_word' id='word_1_406' title='bbox 1359 3609 1422 3672; x_wconf 87' lang='grc'>985</span> <span class='ocrx_word' id='word_1_407' title='bbox 1436 3608 1498 3668; x_wconf 83' lang='lat' dir='ltr'>vices</span> 
     </span>
    </p>
   </div>
   <div class='ocr_carea' id='block_1_8' title="bbox 94 3692 1554 4846">
    <p class='ocr_par' dir='ltr' id='par_1_8' title="bbox 94 3692 1554 4846">
     <span class='ocr_line' id='line_1_38' title="bbox 113 3692 1497 3776; baseline 0.001 -20"><span class='ocrx_word' id='word_1_408' title='bbox 113 3752 115 3756; x_wconf 81' lang='grc'>,</span> <span class='ocrx_word' id='word_1_409' title='bbox 168 3700 261 3758; x_wconf 75' lang='lat' dir='ltr'>&#39;erant</span> <span class='ocrx_word' id='word_1_410' title='bbox 284 3695 324 3757; x_wconf 89' lang='grc'>12</span> <span class='ocrx_word' id='word_1_411' title='bbox 340 3702 517 3758; x_wconf 89' lang='lat' dir='ltr'>transactae</span> <span class='ocrx_word' id='word_1_412' title='bbox 539 3695 728 3776; x_wconf 87' lang='lat' dir='ltr'>redissetque</span> <span class='ocrx_word' id='word_1_413' title='bbox 750 3696 823 3758; x_wconf 92' lang='lat' dir='ltr'>ordo</span> <span class='ocrx_word' id='word_1_414' title='bbox 847 3696 886 3758; x_wconf 88' lang='lat' dir='ltr'>ad</span> <span class='ocrx_word' id='word_1_415' title='bbox 907 3697 1020 3759; x_wconf 87' lang='lat' dir='ltr'>Abiam</span> <span class='ocrx_word' id='word_1_416' title='bbox 1037 3697 1118 3759; x_wconf 90' lang='lat' dir='ltr'>eirca</span> <span class='ocrx_word' id='word_1_417' title='bbox 1138 3696 1218 3759; x_wconf 90' lang='lat' dir='ltr'>diem</span> <span class='ocrx_word' id='word_1_418' title='bbox 1236 3698 1285 3759; x_wconf 92' lang='lat'>10.</span> <span class='ocrx_word' id='word_1_419' title='bbox 1302 3699 1417 3760; x_wconf 90' lang='lat' dir='ltr'>mensis</span> <span class='ocrx_word' id='word_1_420' title='bbox 1431 3692 1497 3766; x_wconf 60' lang='lat' dir='ltr'>sero,</span> 
     </span>
     <span class='ocr_line' id='line_1_39' title="bbox 94 3783 1498 3867; baseline -0.001 -21"><span class='ocrx_word' id='word_1_421' title='bbox 94 3856 109 3867; x_wconf 14' lang='grc' dir='ltr'>Μ</span> <span class='ocrx_word' id='word_1_422' title='bbox 172 3784 231 3846; x_wconf 92' lang='lat' dir='ltr'>hoc</span> <span class='ocrx_word' id='word_1_423' title='bbox 246 3791 295 3845; x_wconf 93' lang='lat' dir='ltr'>est</span> <span class='ocrx_word' id='word_1_424' title='bbox 308 3784 442 3864; x_wconf 87' lang='lat' dir='ltr'>Augusti</span> <span class='ocrx_word' id='word_1_425' title='bbox 457 3785 506 3846; x_wconf 90' lang='lat' dir='ltr'>vel</span> <span class='ocrx_word' id='word_1_426' title='bbox 523 3783 720 3865; x_wconf 89' lang='lat' dir='ltr'>Septembris,</span> <span class='ocrx_word' id='word_1_427' title='bbox 736 3785 763 3847; x_wconf 90' lang='lat' dir='ltr'>si</span> <span class='ocrx_word' id='word_1_428' title='bbox 778 3804 929 3866; x_wconf 90' lang='lat' dir='ltr'>nunquam</span> <span class='ocrx_word' id='word_1_429' title='bbox 944 3785 1053 3848; x_wconf 87' lang='lat' dir='ltr'>fuisset</span> <span class='ocrx_word' id='word_1_430' title='bbox 1067 3786 1257 3867; x_wconf 88' lang='lat' dir='ltr'>interruptus</span> <span class='ocrx_word' id='word_1_431' title='bbox 1279 3787 1498 3850; x_wconf 82' lang='lat' dir='ltr'>endelechismus</span> 
     </span>
     <span class='ocr_line' id='line_1_40' title="bbox 173 3873 1497 3954; baseline 0.005 -18"><span class='ocrx_word' id='word_1_432' title='bbox 173 3881 309 3953; x_wconf 90' lang='lat' dir='ltr'>tempore</span> <span class='ocrx_word' id='word_1_433' title='bbox 329 3873 520 3953; x_wconf 90' lang='lat' dir='ltr'>captivitatis</span> <span class='ocrx_word' id='word_1_434' title='bbox 540 3881 572 3936; x_wconf 91' lang='lat' dir='ltr'>et</span> <span class='ocrx_word' id='word_1_435' title='bbox 591 3880 725 3954; x_wconf 89' lang='lat' dir='ltr'>tempore</span> <span class='ocrx_word' id='word_1_436' title='bbox 740 3873 900 3949; x_wconf 87' lang='lat' dir='ltr'>Antiochi,</span> <span class='ocrx_word' id='word_1_437' title='bbox 923 3883 977 3937; x_wconf 89' lang='lat' dir='ltr'>aut</span> <span class='ocrx_word' id='word_1_438' title='bbox 990 3875 1022 3947; x_wconf 64' lang='lat' dir='ltr'>‚si</span> <span class='ocrx_word' id='word_1_439' title='bbox 1039 3875 1083 3937; x_wconf 91' lang='lat' dir='ltr'>sio</span> <span class='ocrx_word' id='word_1_440' title='bbox 1104 3883 1209 3937; x_wconf 89' lang='lat' dir='ltr'>essent</span> <span class='ocrx_word' id='word_1_441' title='bbox 1229 3876 1414 3938; x_wconf 77' lang='lat' dir='ltr'>observatae</span> <span class='ocrx_word' id='word_1_442' title='bbox 1428 3875 1497 3943; x_wconf 76' lang='lat' dir='ltr'>viee</span> 
     </span>
     <span class='ocr_line' id='line_1_41' title="bbox 173 3961 1553 4045; baseline 0.001 -20"><span class='ocrx_word' id='word_1_443' title='bbox 173 3981 209 4025; x_wconf 88' lang='lat' dir='ltr'>ac</span> <span class='ocrx_word' id='word_1_444' title='bbox 225 3961 268 4023; x_wconf 88' lang='lat' dir='ltr'>sie</span> <span class='ocrx_word' id='word_1_445' title='bbox 279 3962 427 4024; x_wconf 87' lang='lat' dir='ltr'>sacrificia</span> <span class='ocrx_word' id='word_1_446' title='bbox 435 3970 665 4043; x_wconf 81' lang='lat' dir='ltr'>perennassent,</span> <span class='ocrx_word' id='word_1_447' title='bbox 680 3963 868 4045; x_wconf 90' lang='lat' dir='ltr'>reditumque</span> <span class='ocrx_word' id='word_1_448' title='bbox 879 3962 919 4025; x_wconf 88' lang='lat' dir='ltr'>ad</span> <span class='ocrx_word' id='word_1_449' title='bbox 929 3963 1080 4027; x_wconf 82' lang='lat' dir='ltr'>sacrificia</span> <span class='ocrx_word' id='word_1_450' title='bbox 1095 3983 1149 4044; x_wconf 90' lang='lat' dir='ltr'>per</span> <span class='ocrx_word' id='word_1_451' title='bbox 1164 3964 1249 4027; x_wconf 91' lang='lat' dir='ltr'>illam</span> <span class='ocrx_word' id='word_1_452' title='bbox 1264 3965 1420 4040; x_wconf 86' lang='lat' dir='ltr'>familiam,</span> <span class='ocrx_word' id='word_1_453' title='bbox 1434 3961 1498 4042; x_wconf 73' lang='lat' dir='ltr'>cujus</span> <span class='ocrx_word' id='word_1_454' title='bbox 1548 4015 1553 4018; x_wconf 58' lang='grc'>,</span> 
     </span>
     <span class='ocr_line' id='line_1_42' title="bbox 173 4051 1496 4137; baseline 0 -25"><span class='ocrx_word' id='word_1_455' title='bbox 173 4051 290 4113; x_wconf 91' lang='lat' dir='ltr'>ratione</span> <span class='ocrx_word' id='word_1_456' title='bbox 306 4051 450 4131; x_wconf 89' lang='lat' dir='ltr'>temporis</span> <span class='ocrx_word' id='word_1_457' title='bbox 466 4058 534 4113; x_wconf 91' lang='lat' dir='ltr'>erat</span> <span class='ocrx_word' id='word_1_458' title='bbox 549 4052 727 4132; x_wconf 73' lang='lat' dir='ltr'>ephemeris</span> <span class='ocrx_word' id='word_1_459' title='bbox 762 4051 806 4114; x_wconf 87' lang='lat' dir='ltr'>Et</span> <span class='ocrx_word' id='word_1_460' title='bbox 821 4051 1014 4116; x_wconf 88' lang='lat' dir='ltr'>memorabile</span> <span class='ocrx_word' id='word_1_461' title='bbox 1031 4059 1092 4128; x_wconf 91' lang='lat' dir='ltr'>est,</span> <span class='ocrx_word' id='word_1_462' title='bbox 1115 4054 1195 4134; x_wconf 91' lang='lat' dir='ltr'>quod</span> <span class='ocrx_word' id='word_1_463' title='bbox 1211 4052 1356 4137; x_wconf 85' lang='lat' dir='ltr'>Scaliger</span> <span class='ocrx_word' id='word_1_464' title='bbox 1370 4075 1408 4117; x_wconf 83' lang='lat' dir='ltr'>ex</span> <span class='ocrx_word' id='word_1_465' title='bbox 1420 4051 1496 4117; x_wconf 80' lang='lat' dir='ltr'>Juda-</span> 
     </span>
     <span class='ocr_line' id='line_1_43' title="bbox 172 4139 1496 4223; baseline 0.006 -22"><span class='ocrx_word' id='word_1_466' title='bbox 172 4139 228 4202; x_wconf 91' lang='lat' dir='ltr'>icis</span> <span class='ocrx_word' id='word_1_467' title='bbox 242 4139 328 4202; x_wconf 89' lang='lat' dir='ltr'>libris</span> <span class='ocrx_word' id='word_1_468' title='bbox 350 4141 467 4220; x_wconf 88' lang='lat' dir='ltr'>profert</span> <span class='ocrx_word' id='word_1_469' title='bbox 481 4141 620 4202; x_wconf 89' lang='lat' dir='ltr'>threnum</span> <span class='ocrx_word' id='word_1_470' title='bbox 636 4160 726 4220; x_wconf 89' lang='lat' dir='ltr'>super</span> <span class='ocrx_word' id='word_1_471' title='bbox 741 4147 831 4223; x_wconf 92' lang='lat' dir='ltr'>capto</span> <span class='ocrx_word' id='word_1_472' title='bbox 854 4148 888 4204; x_wconf 90' lang='lat' dir='ltr'>et</span> <span class='ocrx_word' id='word_1_473' title='bbox 901 4142 1025 4205; x_wconf 88' lang='lat' dir='ltr'>incenso</span> <span class='ocrx_word' id='word_1_474' title='bbox 1040 4143 1154 4223; x_wconf 91' lang='lat' dir='ltr'>templo</span> <span class='ocrx_word' id='word_1_475' title='bbox 1176 4163 1195 4204; x_wconf 91' lang='lat' dir='ltr'>a</span> <span class='ocrx_word' id='word_1_476' title='bbox 1209 4143 1496 4209; x_wconf 69' lang='lat' dir='ltr'>Nabuchodonosore</span> 
     </span>
     <span class='ocr_line' id='line_1_44' title="bbox 173 4228 1496 4313; baseline 0.002 -23"><span class='ocrx_word' id='word_1_477' title='bbox 173 4228 205 4290; x_wconf 91' lang='lat' dir='ltr'>in</span> <span class='ocrx_word' id='word_1_478' title='bbox 220 4248 278 4310; x_wconf 94' lang='lat' dir='ltr'>quo</span> <span class='ocrx_word' id='word_1_479' title='bbox 294 4228 341 4290; x_wconf 91' lang='lat' dir='ltr'>die</span> <span class='ocrx_word' id='word_1_480' title='bbox 358 4249 437 4292; x_wconf 89' lang='lat' dir='ltr'>nona</span> <span class='ocrx_word' id='word_1_481' title='bbox 451 4229 572 4304; x_wconf 89' lang='lat' dir='ltr'>mensis,</span> <span class='ocrx_word' id='word_1_482' title='bbox 589 4231 627 4291; x_wconf 93' lang='lat' dir='ltr'>ab</span> <span class='ocrx_word' id='word_1_483' title='bbox 644 4249 702 4311; x_wconf 92' lang='lat' dir='ltr'>qua</span> <span class='ocrx_word' id='word_1_484' title='bbox 716 4229 872 4293; x_wconf 88' lang='lat' dir='ltr'>incensum</span> <span class='ocrx_word' id='word_1_485' title='bbox 887 4231 1040 4313; x_wconf 92' lang='lat' dir='ltr'>templum,</span> <span class='ocrx_word' id='word_1_486' title='bbox 1056 4232 1166 4295; x_wconf 91' lang='lat' dir='ltr'>dieitur</span> <span class='ocrx_word' id='word_1_487' title='bbox 1181 4232 1291 4295; x_wconf 89' lang='lat' dir='ltr'>itemm</span> <span class='ocrx_word' id='word_1_488' title='bbox 1308 4234 1402 4297; x_wconf 81' lang='lat' dir='ltr'>fuisse</span> <span class='ocrx_word' id='word_1_489' title='bbox 1416 4228 1496 4311; x_wconf 71' lang='lat' dir='ltr'>vigilio</span> 
     </span>
     <span class='ocr_line' id='line_1_45' title="bbox 142 4314 1495 4403; baseline 0.001 -23"><span class='ocrx_word' id='word_1_490' title='bbox 142 4314 144 4319; x_wconf 71' lang='grc'>’</span> <span class='ocrx_word' id='word_1_491' title='bbox 172 4316 287 4380; x_wconf 87' lang='lat' dir='ltr'>Joarib.</span> <span class='ocrx_word' id='word_1_492' title='bbox 301 4315 372 4379; x_wconf 87' lang='lat' dir='ltr'>Jam</span> <span class='ocrx_word' id='word_1_493' title='bbox 387 4320 425 4382; x_wconf 89' lang='lat' dir='ltr'>ab</span> <span class='ocrx_word' id='word_1_494' title='bbox 441 4326 549 4381; x_wconf 90' lang='lat' dir='ltr'>octavo</span> <span class='ocrx_word' id='word_1_495' title='bbox 567 4338 645 4380; x_wconf 92' lang='lat' dir='ltr'>anno</span> <span class='ocrx_word' id='word_1_496' title='bbox 662 4338 751 4395; x_wconf 87' lang='lat' dir='ltr'>aerae</span> <span class='ocrx_word' id='word_1_497' title='bbox 768 4319 873 4401; x_wconf 90' lang='lat' dir='ltr'>templi</span> <span class='ocrx_word' id='word_1_498' title='bbox 889 4320 928 4383; x_wconf 90' lang='lat' dir='ltr'>ad</span> <span class='ocrx_word' id='word_1_499' title='bbox 944 4319 1008 4384; x_wconf 84' lang='lat'>394</span> <span class='ocrx_word' id='word_1_500' title='bbox 1026 4315 1091 4401; x_wconf 84' lang='lat' dir='ltr'>(tot</span> <span class='ocrx_word' id='word_1_501' title='bbox 1106 4320 1327 4398; x_wconf 83' lang='lat' dir='ltr'>enim-invenio,</span> <span class='ocrx_word' id='word_1_502' title='bbox 1343 4341 1402 4387; x_wconf 91' lang='lat' dir='ltr'>non</span> <span class='ocrx_word' id='word_1_503' title='bbox 1416 4323 1495 4403; x_wconf 85' lang='lat' dir='ltr'>plns</span> 
     </span>
     <span class='ocr_line' id='line_1_46' title="bbox 173 4402 1547 4491; baseline 0.001 -23"><span class='ocrx_word' id='word_1_504' title='bbox 173 4413 208 4468; x_wconf 94' lang='lat' dir='ltr'>ut</span> <span class='ocrx_word' id='word_1_505' title='bbox 223 4402 290 4488; x_wconf 88' lang='lat' dir='ltr'>alii)</span> <span class='ocrx_word' id='word_1_506' title='bbox 313 4415 385 4469; x_wconf 91' lang='lat' dir='ltr'>sunt</span> <span class='ocrx_word' id='word_1_507' title='bbox 400 4409 471 4470; x_wconf 89' lang='lat' dir='ltr'>anni</span> <span class='ocrx_word' id='word_1_508' title='bbox 486 4407 550 4471; x_wconf 88' lang='grc'>386</span> <span class='ocrx_word' id='word_1_509' title='bbox 566 4407 662 4470; x_wconf 87' lang='lat' dir='ltr'>minus</span> <span class='ocrx_word' id='word_1_510' title='bbox 687 4407 802 4471; x_wconf 90' lang='lat' dir='ltr'>duobus</span> <span class='ocrx_word' id='word_1_511' title='bbox 817 4410 979 4488; x_wconf 91' lang='lat' dir='ltr'>mensibus,</span> <span class='ocrx_word' id='word_1_512' title='bbox 995 4418 1140 4491; x_wconf 87' lang='lat' dir='ltr'>quantum</span> <span class='ocrx_word' id='word_1_513' title='bbox 1155 4418 1205 4473; x_wconf 88' lang='lat' dir='ltr'>eat</span> <span class='ocrx_word' id='word_1_514' title='bbox 1227 4433 1246 4474; x_wconf 89' lang='lat' dir='ltr'>a</span> <span class='ocrx_word' id='word_1_515' title='bbox 1262 4411 1292 4475; x_wconf 91' lang='lat'>9.</span> <span class='ocrx_word' id='word_1_516' title='bbox 1309 4414 1351 4476; x_wconf 88' lang='lat' dir='ltr'>ad</span> <span class='ocrx_word' id='word_1_517' title='bbox 1367 4413 1413 4477; x_wconf 91' lang='grc'>15.</span> <span class='ocrx_word' id='word_1_518' title='bbox 1428 4405 1495 4473; x_wconf 78' lang='lat' dir='ltr'>rint</span> <span class='ocrx_word' id='word_1_519' title='bbox 1526 4446 1547 4490; x_wconf 59' lang='lat' dir='ltr'>y</span> 
     </span>
     <span class='ocr_line' id='line_1_47' title="bbox 173 4495 1554 4583; baseline 0.002 -25"><span class='ocrx_word' id='word_1_520' title='bbox 173 4495 270 4558; x_wconf 82' lang='lat' dir='ltr'>Aufer</span> <span class='ocrx_word' id='word_1_521' title='bbox 285 4496 349 4558; x_wconf 82' lang='lat'>224</span> <span class='ocrx_word' id='word_1_522' title='bbox 364 4519 385 4559; x_wconf 86' lang='lat' dir='ltr'>a</span> <span class='ocrx_word' id='word_1_523' title='bbox 399 4496 473 4571; x_wconf 89' lang='lat'>386,</span> <span class='ocrx_word' id='word_1_524' title='bbox 487 4502 609 4566; x_wconf 87' lang='lat' dir='ltr'>restant</span> <span class='ocrx_word' id='word_1_525' title='bbox 625 4495 696 4571; x_wconf 88' lang='grc'>162,</span> <span class='ocrx_word' id='word_1_526' title='bbox 712 4497 866 4580; x_wconf 86' lang='lat' dir='ltr'>dequibus</span> <span class='ocrx_word' id='word_1_527' title='bbox 884 4499 946 4564; x_wconf 85' lang='grc'>140</span> <span class='ocrx_word' id='word_1_528' title='bbox 964 4500 1059 4562; x_wconf 90' lang='lat' dir='ltr'>ablati</span> <span class='ocrx_word' id='word_1_529' title='bbox 1076 4508 1229 4581; x_wconf 90' lang='lat' dir='ltr'>occupant</span> <span class='ocrx_word' id='word_1_530' title='bbox 1238 4503 1407 4583; x_wconf 85' lang='lat' dir='ltr'>superfluas</span> <span class='ocrx_word' id='word_1_531' title='bbox 1421 4499 1496 4580; x_wconf 82' lang='lat' dir='ltr'>ephe·</span> <span class='ocrx_word' id='word_1_532' title='bbox 1551 4501 1554 4557; x_wconf 76' lang='grc' dir='ltr'><strong>ὲ</strong></span> 
     </span>
     <span class='ocr_line' id='line_1_48' title="bbox 173 4583 1554 4670; baseline 0.001 -25"><span class='ocrx_word' id='word_1_533' title='bbox 173 4583 284 4646; x_wconf 91' lang='lat' dir='ltr'>merias</span> <span class='ocrx_word' id='word_1_534' title='bbox 299 4583 329 4647; x_wconf 92' lang='grc'>9.</span> <span class='ocrx_word' id='word_1_535' title='bbox 364 4585 483 4666; x_wconf 88' lang='lat' dir='ltr'>Reliqui</span> <span class='ocrx_word' id='word_1_536' title='bbox 504 4586 574 4648; x_wconf 90' lang='lat' dir='ltr'>anni</span> <span class='ocrx_word' id='word_1_537' title='bbox 597 4584 779 4649; x_wconf 72' lang='lat' dir='ltr'>assolares</span> <span class='ocrx_word' id='word_1_538' title='bbox 800 4587 917 4650; x_wconf 90' lang='lat' dir='ltr'>habent</span> <span class='ocrx_word' id='word_1_539' title='bbox 932 4590 1100 4669; x_wconf 88' lang='lat' dir='ltr'>superfluas</span> <span class='ocrx_word' id='word_1_540' title='bbox 1116 4590 1309 4670; x_wconf 86' lang='lat' dir='ltr'>ephemerias</span> <span class='ocrx_word' id='word_1_541' title='bbox 1326 4594 1380 4668; x_wconf 87' lang='grc'>22,</span> <span class='ocrx_word' id='word_1_542' title='bbox 1401 4590 1458 4653; x_wconf 89' lang='lat' dir='ltr'>dies</span> <span class='ocrx_word' id='word_1_543' title='bbox 1475 4583 1494 4647; x_wconf 79' lang='grc' dir='ltr'>ι</span> <span class='ocrx_word' id='word_1_544' title='bbox 1550 4588 1554 4667; x_wconf 64' lang='lat' dir='ltr'>j</span> 
     </span>
     <span class='ocr_line' id='line_1_49' title="bbox 174 4673 1552 4757; baseline 0.004 -24"><span class='ocrx_word' id='word_1_545' title='bbox 174 4673 280 4752; x_wconf 89' lang='lat' dir='ltr'>Itaque</span> <span class='ocrx_word' id='word_1_546' title='bbox 300 4692 402 4736; x_wconf 90' lang='lat' dir='ltr'>omnes</span> <span class='ocrx_word' id='word_1_547' title='bbox 423 4676 590 4755; x_wconf 87' lang='lat' dir='ltr'>superfluae</span> <span class='ocrx_word' id='word_1_548' title='bbox 611 4676 803 4755; x_wconf 78' lang='lat' dir='ltr'>ephemerina</span> <span class='ocrx_word' id='word_1_549' title='bbox 816 4676 955 4757; x_wconf 88' lang='lat' dir='ltr'>abjectae</span> <span class='ocrx_word' id='word_1_550' title='bbox 971 4678 1094 4757; x_wconf 88' lang='lat' dir='ltr'>periodo</span> <span class='ocrx_word' id='word_1_551' title='bbox 1116 4687 1189 4741; x_wconf 93' lang='lat' dir='ltr'>sunt</span> <span class='ocrx_word' id='word_1_552' title='bbox 1209 4674 1239 4755; x_wconf 82' lang='grc'>7,</span> <span class='ocrx_word' id='word_1_553' title='bbox 1260 4682 1327 4744; x_wconf 91' lang='lat' dir='ltr'>dies</span> <span class='ocrx_word' id='word_1_554' title='bbox 1348 4682 1380 4756; x_wconf 89' lang='grc'>6,</span> <span class='ocrx_word' id='word_1_555' title='bbox 1398 4693 1493 4743; x_wconf 77' lang='lat' dir='ltr'>meuse</span> <span class='ocrx_word' id='word_1_556' title='bbox 1550 4721 1552 4724; x_wconf 90' lang='lat'><em>-</em></span> 
     </span>
     <span class='ocr_line' id='line_1_50' title="bbox 173 4760 1554 4846; baseline 0.004 -24"><span class='ocrx_word' id='word_1_557' title='bbox 173 4763 237 4823; x_wconf 85' lang='lat' dir='ltr'>fere</span> <span class='ocrx_word' id='word_1_558' title='bbox 253 4762 326 4837; x_wconf 90' lang='lat' dir='ltr'>duo,</span> <span class='ocrx_word' id='word_1_559' title='bbox 348 4764 443 4846; x_wconf 91' lang='lat' dir='ltr'>quiin</span> <span class='ocrx_word' id='word_1_560' title='bbox 459 4783 536 4826; x_wconf 86' lang='lat' dir='ltr'>anno</span> <span class='ocrx_word' id='word_1_561' title='bbox 553 4765 611 4827; x_wconf 84' lang='lat' dir='ltr'>rixo</span> <span class='ocrx_word' id='word_1_562' title='bbox 626 4764 747 4827; x_wconf 86' lang='lat' dir='ltr'>Juliano</span> <span class='ocrx_word' id='word_1_563' title='bbox 763 4765 881 4827; x_wconf 86' lang='lat' dir='ltr'>extensi</span> <span class='ocrx_word' id='word_1_564' title='bbox 897 4788 916 4828; x_wconf 89' lang='lat' dir='ltr'>a</span> <span class='ocrx_word' id='word_1_565' title='bbox 935 4760 1140 4830; x_wconf 70' lang='lat' dir='ltr'>moerebis</span> <span class='ocrx_word' id='word_1_566' title='bbox 1162 4777 1247 4832; x_wconf 87' lang='lat' dir='ltr'>retro</span> <span class='ocrx_word' id='word_1_567' title='bbox 1264 4771 1405 4835; x_wconf 89' lang='lat' dir='ltr'>desinunt</span> <span class='ocrx_word' id='word_1_568' title='bbox 1418 4769 1444 4832; x_wconf 91' lang='lat' dir='ltr'>in</span> <span class='ocrx_word' id='word_1_569' title='bbox 1457 4764 1493 4827; x_wconf 81' lang='lat'>2⁰.</span> <span class='ocrx_word' id='word_1_570' title='bbox 1544 4761 1554 4809; x_wconf 70' lang='grc' dir='ltr'><em>ἶ</em></span> 
     </span>
    </p>
   </div>
   <div class='ocr_carea' id='block_1_9' title="bbox 0 0 1571 5474">
    <p class='ocr_par' dir='ltr' id='par_1_9' title="bbox 0 0 1571 5474">
     <span class='ocr_line' id='line_1_51' title="bbox 0 0 1571 5474; baseline 0 0"><span class='ocrx_word' id='word_1_571' title='bbox 0 0 1571 5474; x_wconf 95' lang='lat' dir='ltr'> </span> 
     </span>
    </p>
   </div>
  </div>
 </body>
</html>
