3142 5482
279 276 283 285 ἱ
360 203 551 254 Steraomamiac
572 202 755 255 Archimedem
774 203 988 270 supplementum⁴
1271 211 1332 272 5⁹15

103 323 226 466 Hirpm
252 376 430 462 figurarum
456 399 555 445 causa
581 378 793 471 simplicitatis
815 378 868 445 hic
893 385 941 445 est
968 378 1060 459 ordo,
1089 386 1130 445 ut
1147 381 1268 533 primus
1291 383 1334 448 sit

22 469 173 548 circulus,
209 467 363 551 sequatui
393 467 530 550 ellipsis,
560 466 634 532 inde
656 467 825 552 parabole,
857 468 971 534 ultimo
993 469 1063 534 loco
1085 469 1128 556 sit
1170 471 1332 554 yperbole'.

22 561 103 624 luter
125 558 184 622 has
208 557 287 622 duae
317 557 438 640 primae
460 558 492 622 in
508 577 548 621 se
569 557 655 639 ipsas
676 558 834 638 redeunt,
867 558 1003 622 circulus
1031 564 1063 622 et
1085 557 1220 642 ellipsis;
1252 559 1333 643 duae

22 646 305 732 rero'posteriores
328 643 468 731 figurae,
496 645 651 729 parabole
673 653 706 712 et
726 644 916 730 hyperbole,
935 646 992 716 ‚sic
1014 651 1086 710 sunt
1112 655 1337 731 comparatae,

22 743 51 800 rt
72 738 107 801 in
127 734 287 800 infinitum
309 734 336 798 si
353 734 525 812 continues,
550 739 730 814 excurrant,
754 754 879 818 semper
902 733 1029 820 quidem
1052 733 1093 799 ad
1112 737 1332 802 rectitudinem

22 824 117 906 nagia
137 831 236 907 atque
255 823 355 905 magis
381 821 578 901 aecedentes,
601 835 767 907 nunquam
786 844 861 888 vcro
882 843 953 888 eam
971 823 1096 907 penitus
1115 831 1331 907 assequentes;

22 920 52 978 et.
67 914 102 978 id
117 913 187 980 ¹hoc
210 911 400 990 discrimine,
429 911 517 995 quod
540 910 672 976 brachia
697 910 870 998 parabolen
893 912 953 990 GP,
978 910 1044 991 CQ,
1073 912 1126 976 uni
1148 918 1256 978 rectae
1279 915 1329 992 CI,

22 1002 161 1084 ideoque
183 999 267 1066 inter
285 1021 318 1064 se
336 1000 406 1083 ipsa
425 1000 521 1064 etiam
536 1001 638 1083 magis
657 1008 757 1083 atque
777 1000 876 1082 magis
894 998 976 1064 fiunt
997 999 1163 1084 parallela,
1186 1004 1332 1084 quamvis

22 1091 141 1154 nterim
163 1085 285 1154 infinito
307 1088 476 1166 intervallo
486 1087 532 1170 ,ab
548 1089 678 1154 invicem
700 1088 881 1155 discedant:
895 1087 1039 1161 ,brachia
1052 1109 1126 1154 vero
1140 1089 1332 1173 hyperbolae

22 1179 84 1257 JM,
110 1178 165 1243 GN
186 1183 361 1261 sequantur
387 1176 521 1242 ductum
548 1176 686 1242 duarum
711 1184 873 1243 rectarum
895 1178 962 1258 RY,
986 1176 1048 1257 RZ,
1072 1180 1332 1243 concurrentium

22 1290 45 1331 n
68 1268 99 1332 R
129 1287 229 1349 eoque
258 1287 373 1330 versus·
395 1267 431 1344 Y,
458 1264 483 1328 Z
511 1265 545 1330 in
560 1265 724 1330 'infinitum
751 1264 946 1330 abinvicem
975 1265 1218 1346 discedentium
1249 1289 1332 1351 quae
1452 1294 1461 1312 ³

22 1356 152 1420 >rachim
180 1353 369 1445 hyperbolen
403 1374 527 1436 semper
560 1356 785 1438 approximant
817 1354 919 1438 magis
949 1353 1129 1437 magisque,
1165 1361 1332 1438 nunquam

22 1465 123 1508 amen
146 1465 219 1508 cum
240 1443 278 1511 iis
301 1448 513 1523 concurrunt,
530 1463 552 1508 a
573 1464 639 1526 qua
660 1444 860 1528 proprietate
885 1448 991 1508 rectae
1014 1441 1080 1522 RY,
1104 1442 1158 1508 ΒΖ
1180 1442 1331 1513 dicuntur

22 1555 57 1597 ts
95 1555 128 1596 m
165 1532 260 1597 toti.
306 1593 308 1601 ,
414 1535 418 1559 “
1119 1557 1144 1566 ’·

65 1554 242 1700 prrsum
265 1641 304 1697 ex
327 1627 466 1703 utraque
487 1617 560 1703 biga
583 1610 632 1684 est
654 1634 726 1699 nna,
751 1639 835 1712 quae
850 1618 921 1685 sola
943 1640 1035 1684 suam
1055 1618 1169 1703 implet
1183 1621 1330 1704 speciem,

22 1731 52 1774 ur
71 1709 176 1777 finitis
198 1709 324 1791 quidem
346 1709 493 1785 cuculus,
517 1731 557 1774 ex
578 1707 710 1774 infinitis
733 1706 895 1790 parabole.
940 1707 1109 1792 Ellipaium
1139 1730 1214 1774 vero
1244 1706 1338 1775 illinc*

22 1806 62 1878 qt
98 1804 175 1862 sunt
192 1796 333 1877 immae,
365 1804 442 1880 quot
463 1803 598 1880 possunt
620 1816 689 1863 esse
721 1796 843 1861 formae
871 1797 1131 1880 rectangulorum
1160 1799 1330 1880 parallelo·

22 1908 230 1969 grammorum
254 1884 318 1965 LK,
355 1884 604 1969 hyperbolarum
626 1886 699 1949 hinc
712 1885 832 1951 formae
854 1890 913 1965 tot,
937 1892 1017 1967 quot
1028 1885 1220 1968 angulorum
1236 1887 1327 1969 YRZ,

22 1997 32 2040 1
61 1977 147 2040 binis
177 1976 271 2040 rectis
306 1975 371 2052 RY,
408 1973 461 2038 ΒΖ
493 1974 731 2057 formatorum„
771 1973 853 2039 Sane
883 1974 971 2056 quia,
1002 1973 1198 2040 ut'circulus
1222 1975 1274 2041 GE
1297 1998 1338 2042 aa

22 2061 112 2130 nabet
134 2062 177 2128 ad
199 2060 475 2146 circumscriptum
495 2063 698 2146 quadratum
713 2061 869 2127 uniforme
891 2062 956 2142 DB,
981 2068 1013 2127 et
1034 2068 1070 2126 ut
1083 2061 1236 2145 parabole
1250 2065 1332 2143 PCQ

22 2155 54 2219 td
78 2173 173 2218 axem
196 2172 253 2238 seu
275 2139 396 2217 rectam
419 2150 460 2216 CI
481 2152 616 2231 unicam,
637 2148 686 2215 'sic
707 2151 832 2234 ellipses
860 2148 901 2220 CI
935 2151 1111 2216 sanabant
1132 2152 1175 2217 ad
1204 2160 1332 2230 rectan-

22 2242 159 2324 gnlorum
182 2239 245 2318 LK,
274 2239 473 2330 ⁴hyperbolae
496 2239 586 2306 MCN
612 2239 655 2304 ad
689 2239 949 2306 concurrentium
981 2246 1145 2307 rectarum
1178 2242 1243 2319 YR,
1277 2244 1332 2310 ZR

22 2332 133 2415 species
156 2329 305 2410 infinitas,
331 2327 491 2413 quaelibet
513 2328 555 2392 ad
577 2349 677 2392 suam.
946 2331 951 2344 ‘
1161 2409 1163 2414 ³
1263 2338 1269 2349 ·
1301 2412 1302 2415 ¹

101 2419 145 2483 Et
164 2423 249 2496 nota,
273 2424 406 2502 propter
428 2416 671 2500 descriptionem
695 2415 905 2500 figurarum,
920 2415 1007 2499 quod
1038 2418 1121 2484 sicut
1149 2417 1183 2483 in
1212 2418 1330 2487 circulo

22 2509 119 2573 »mnia
140 2506 318 2587 ‚intervalla
348 2506 418 2586 Ao,
450 2505 517 2585 AF,
549 2504 604 2568 ΑΕ
637 2506 723 2569 inter
752 2525 786 2569 se
816 2511 893 2570 sunt
919 2506 1081 2589 aequalia,
1104 2506 1205 2572 sicin
1228 2508 1333 2592 ellipsi

22 2598 87 2662 uina
115 2616 239 2679 semper
266 2595 435 2659 intervalla
462 2593 531 2674 ΑΟ,
565 2593 638 2673 OG,
661 2615 725 2659 non
747 2615 767 2658 a
790 2600 900 2659 centro
922 2595 958 2673 E,
978 2595 1041 2658 ¹sed
1063 2616 1084 2659 a
1106 2594 1231 2661 duobus
1252 2596 1331 2663 focis

22 2691 47 2767 l,
78 2685 108 2751 G
136 2685 315 2764 aestimata,
345 2682 427 2748 binis
456 2682 697 2766 quibuscunque
727 2682 795 2761 All,
819 2681 879 2747 GH
901 2681 950 2746 vel
973 2678 1036 2766 A'C,
1060 2683 1116 2750 OG
1139 2685 1187 2750 vel
1207 2683 1262 2762 AI,
1285 2684 1332 2749 IG

22 2780 87 2840 ¹unt
104 2773 275 2856 aequalia.
325 2773 363 2836 ln
394 2771 556 2855 parabola,
589 2775 677 2855 cujus
706 2769 795 2838 locus
825 2770 865 2851 fi,
890 2770 988 2835 ducta
1007 2782 1204 2857 ‘quacunque
1226 2771 1272 2837 Kl
1287 2776 1327 2839 in

22 2864 123 2929 odem
144 2861 251 2946 ¹plano
281 2867 371 2927 recta
400 2861 443 2926 ad
474 2880 568 2924 axem
598 2857 649 2943 ol,
680 2880 810 2924 rursum
826 2855 940 2925 ¹binae
958 2859 1061 2926 lineae
1091 2861 1160 2941 AO,
1186 2862 1227 2927 CI
1248 2862 1331 2928 binis

22 2951 255 3036 quibuscunque
286 2951 371 3028 aliis,
402 2953 438 3012 ut
470 2948 544 3029 AO,
575 2945 632 3027 OK
663 2948 817 3037 aequales
840 2955 924 3013 sunt.
968 2950 1005 3013 ln
1029 2947 1215 3033 hyperbola,
1240 2953 1331 3036 eujus

22 3043 104 3106 ocus
125 3059 208 3103 nnus
230 3039 260 3124 A
280 3037 480 3120 intus„‘altar
503 3038 528 3104 T
551 3036 702 3117 exterius,
725 3042 757 3102 et
779 3037 864 3125 circa
887 3057 957 3102 curn
979 3036 1084 3121 figura
1107 3040 1216 3104 similis
1239 3039 1331 3120 VSX,

21 3128 183 3194 intervalla
215 3126 291 3201 bina
320 3130 474 3212 cujusque
495 3126 622 3211 puncti,
636 3130 683 3189 ut
706 3126 745 3204 N,
770 3130 802 3189 et
816 3121 959 3192 iocorum
981 3126 1017 3204 A,
1042 3127 1076 3207 T,
1094 3148 1218 3211 semper
1233 3144 1351 3193 unam·

22 3224 42 3282 et
65 3216 202 3282 eandem
222 3216 345 3281 habent
359 3214 580 3279 'differentiam
610 3211 669 3294 CS,
698 3213 817 3278 lineam
843 3214 927 3279 iuter
953 3216 1088 3281 vertices
1111 3217 1135 3283 C
1159 3215 1236 3292 etS
1269 3224 1331 3284 etc.
1408 3246 1409 3250 ¹

22 3306 89 3372 lide
111 3305 207 3391 plura
228 3303 428 3388 pauloinfra
450 3303 488 3367 de
506 3304 681 3393 figurarum
703 3302 877 3399 solidarum
898 3323 1044 3370 numero.

444 3547 448 3555 ·
494 3514 542 3565 Da
560 3514 663 3566 modus
681 3526 843 3577 3611666611.

99 3663 201 3728 Porro
226 3680 264 3724 cx
280 3652 500 3724 circumductu
515 3655 666 3721 circulari
680 3661 823 3740 quatuor
838 3652 955 3723 hfirum
974 3659 1143 3743 planarum
1157 3660 1332 3746 figmarum

22 3753 61 3819 de
84 3751 157 3816 aliis
179 3750 263 3817 enim
284 3748 394 3813 formis
417 3746 480 3810 bac
506 3745 572 3810 vice
600 3765 664 3810 non
694 3745 872 3828 loquimur)
904 3755 1055 3814 creantur
1084 3749 1227 3817 infinitae
1257 3752 1331 3817 soli·

22 3843 126 3908 lorum
149 3839 287 3918 formae,
312 3858 449 3919 quarum
471 3832 654 3916 superficies
684 3855 748 3898 non
779 3840 816 3900 ut
837 3835 909 3901 coni
931 3843 964 3901 et
986 3837 1119 3920 cylindri
1140 3839 1332 3906 altrinsecus

22 3930 213 4009 actilineae,
245 3926 300 3992 sed
322 3942 579 4009 quaquaversum
594 3922 787 4005 currilineae
809 3930 892 4003 sunt,
916 3926 1089 3992 secundum
1108 3929 1209 4011 magis
1223 3934 1333 4009 tamen

22 4028 40 4087 rt
61 4019 180 4085 minus.
218 4036 220 4038 ’
508 4042 509 4047 ’
687 4063 690 4070 .
949 4031 952 4038 ·

100 4107 316 4173 circumactus
343 4107 450 4167 antem
477 4098 598 4185 species
627 4119 762 4181 genera·
960 4184 965 4191 ¹

22 4200 97 4264 iter.
114 4200 190 4260 sunt
216 4193 374 4276 quinque,
409 4189 465 4255 sed
498 4187 582 4271 quae
610 4189 764 4253 minutius
828 4235 830 4242 Α

22 4294 120 4353 »osteo
159 4280 422 4357 subdividuntur,
464 4296 537 4342 cum
575 4275 617 4340 ad
645 4274 765 4359 figuras

22 4376 112 4459 pagis
124 4371 315 4455 compositas
327 4373 456 4433 ventum
466 4364 573 4431 fuerit.
589 4364 628 4428 In
639 4365 764 4453 adjecto
816 4431 819 4437 ,

22 4464 186 4528 chemate.
218 4474 403 4542 expressae-¹
424 4461 501 4519 sunt
542 4452 603 4517 hae
642 4453 763 4537 species
811 4493 813 4499 .
840 4469 843 4475 ’

22 4560 183 4635 utcunque.
229 4549 310 4622 Nam
332 4546 358 4613 1.
382 4545 450 4609 axis
474 4543 525 4609 CB
560 4542 646 4606 circa
669 4562 764 4624 quem
801 4547 817 4592 ⁸
947 4529 949 4553 ”

22 4643 113 4726 ignra
137 4620 188 4714 eat
208 4632 460 4718 circumagenda,
485 4595 535 4705 uel
553 4630 677 4714 longius
698 4634 766 4694 stat

22 4726 213 4795 tcentroF
241 4724 364 4807 figmae
385 4721 442 4788 ΕΙ)
471 4717 761 4801 circumducendae,
797 4758 806 4792 „1
866 4801 868 4805 ι
