3112 5474
187 236 252 320 334
688 247 1023 330 nssmnaarcurua
1096 215 1102 225 ’

187 422 255 477 erat
269 432 394 496 regnum
406 413 547 477 Herodis.
592 413 638 477 At
660 413 781 476 interim
802 412 861 477 hoc
881 412 960 476 sciat
974 412 1086 486 lector,
1105 411 1292 494 hypothesin
1307 430 1405 474 meam
1416 410 1447 474 de
1458 430 1500 473 ιι-

188 523 275 567 oessu
290 503 422 566 Herodis
438 521 516 565 anno
533 503 584 565 42.
600 503 630 565 in
647 502 849 583 superioribus
874 503 918 565 sio
943 520 1011 568 esse
1034 501 1277 582 comprobatam,
1299 508 1335 562 ut
1356 522 1376 562 a
1395 499 1502 564 Calvisio

173 592 310 677 ‚refumri
318 611 514 674 nequaquam
528 591 634 672 possit
680 591 831 656 Calvisius
846 609 918 653 vero
934 591 983 652 vel
998 590 1189 671 septennium
1205 590 1325 671 cogitur
1341 588 1443 653 Sentio
1455 590 1503 651 lar-

186 681 257 763 giri,
279 700 346 743 curu
366 681 437 743 mihi
458 681 551 742 etiarn
573 680 799 761 quadriennium
819 681 941 761 longum
959 679 1114 742 videatur:
1145 679 1204 741 nisi
1220 679 1302 760 qnod
1316 678 1505 759 descriptionis

186 769 340 852 negotium
354 769 474 831 videtur
489 769 608 850 longius
623 777 743 850 tempus
757 769 945 850 postulasse,
966 787 1033 830 oum
1048 766 1125 831 alias
1147 762 1255 847 (turea
1270 769 1301 831 in
1318 767 1399 831 actis
1413 777 1442 845 et
1454 769 1507 848 Ap-

181 860 290 940 piano,
312 858 369 920 hoc
391 856 456 940 est)
477 859 629 922 biennium
644 859 708 920 iere
726 857 835 940 Syriae
855 857 1046 938 praesidibus
1066 858 1286 938 praestitutum
1309 865 1402 920 esset
1441 856 1508 919 liar·

186 958 275 1011 tenus
296 947 389 1028 igitur
410 947 584 1009 testimonio
600 947 782 1010 Tertulliani
798 946 929 1022 subnixi,
953 947 1118 1008 retinemus
1140 945 1339 1008 nativitatem
1363 944 1508 1010 Christiin

185 1037 244 1099 hoc
259 1036 470 1118 quadriennio,
491 1055 538 1098 so:
558 1036 590 1099 in
611 1036 663 1099 38.
686 1035 737 1100 39.
762 1035 888 1098 40.“41.
902 1035 1034 1111 iuliano,
1048 1035 1097 1098 vel
1114 1036 1227 1104 aretine
1242 1035 1275 1097 in
1290 1034 1345 1098 39.
1360 1034 1412 1097 40.
1445 1035 1509 1096 Nam

185 1145 241 1189 neo
261 1124 356 1206 primo
373 1125 479 1187 statim
501 1143 579 1188 anno
602 1124 654 1188 382
671 1124 853 1188 Saturninus
868 1125 1087 1204 descriptiones
1102 1123 1238 1187 Judaeae
1255 1123 1331 1186 socii
1347 1123 1431 1204 regui
1444 1121 1509 1197 iecit,

185 1233 253 1278 curn
266 1214 349 1295 prior
365 1213 429 1294 ejus
452 1233 525 1276 cura
547 1224 631 1277 esset
647 1214 738 1296 Syria
750 1213 922 1295 provincias
938 1232 994 1277 nec
1009 1213 1076 1296 ipso
1091 1213 1124 1275 in
1140 1213 1223 1275 exitu
1239 1231 1314 1275 suae
1331 1211 1508 1294 administra-

185 1303 285 1377 tionis,
302 1311 430 1365 exeunte
446 1322 488 1364 sc.
504 1322 582 1365 anno
598 1304 649 1366 41.
665 1302 919 1383 descriptionibus
935 1321 1059 1383 operam
1074 1302 1173 1376 dedit,
1198 1321 1267 1365 oum
1288 1303 1391 1364 omnia
1404 1306 1509 1381 pararet

185 1393 225 1456 ad
240 1392 368 1454 reditum
374 1410 383 1467 ;
406 1394 441 1453 44
461 1392 510 1454 ita
524 1391 665 1456 Christus
686 1387 811 1474 (quippe
831 1399 923 1455 uatus
939 1391 1023 1454 exitu
1038 1388 1125 1474 anni)
1146 1410 1206 1453 nou
1226 1391 1353 1453 finiente
1374 1391 1424 1452 41.
1441 1388 1508 1452 nasci

52 1514 56 1521 ·
183 1480 326 1562 potuerit,
342 1479 396 1544 sed
409 1481 513 1561 potius
528 1480 650 1543 finiente
666 1482 718 1555 40,
735 1488 825 1563 atque
842 1475 896 1557 ita,
910 1489 945 1543 ut
960 1488 1098 1543 veterum
1114 1480 1206 1561 aliqui
1221 1480 1365 1554 tradunt,
1379 1479 1507 1542 biennium

184 1573 246 1633 iere
261 1569 447 1651 transegerit
461 1569 491 1631 in
506 1571 659 1652 Aegypto,
674 1570 792 1633 scilicet
807 1588 918 1633 anunm
929 1569 984 1654 41.
1000 1577 1034 1632 44
1045 1588 1187 1651 maguam
1203 1577 1325 1650 partem
1340 1568 1412 1631 anui
1426 1567 1470 1630 44

82 1729 89 1745 ⁶
271 1657 387 1730 Quodsi
414 1675 575 1739 pergamus
597 1659 787 1740 inquirendo,
821 1679 861 1722 sn
885 1659 968 1722 circa
986 1659 1044 1722 hos
1066 1678 1163 1722 annos
1184 1658 1228 1722 39
1251 1667 1286 1721 44
1306 1659 1353 1720 40
1374 1656 1506 1737 Josepun

182 1748 351 1811 meminerit
366 1747 492 1828 alicujus
507 1748 732 1829 descriptionis:
748 1747 847 1829 ipsum
861 1748 985 1830 quidem
993 1748 1322 1829 vocibulumnuspiam
1332 1745 1508 1829 comparebit,

149 1841 152 1844 ’
183 1845 217 1900 at
230 1836 351 1911 interim
366 1837 410 1899 rei
425 1836 520 1918 ipsius
535 1856 595 1900 non
609 1838 738 1901 obscura
754 1837 937 1904 documenta
952 1837 1035 1900 circa
1049 1837 1139 1900 finem
1154 1836 1226 1900 anni
1239 1836 1379 1901 ,144404

270 1924 390 1989 Occisis
409 1927 492 1989 mim
506 1925 649 1989 Herodis
668 1946 708 1991 ea
722 1927 903 2011 Mariamme
918 1927 1098 1990 Aaronom
1105 1923 1188 2010 filiis
1202 1923 1392 2013 Akcoadro
1406 1930 1435 1987 et
1445 1921 1507 1986 set

181 2013 316 2090 4440444,
342 2014 422 2096 quod
443 2016 557 2078 facturn
580 2016 687 2078 ultimo
703 2015 871 2099 quadrante
886 2015 1001 2079 Juliani
1015 2016 1074 2090 40,
1098 2016 1268 2097 Antipater
1280 2011 1376 2098 filisa
1389 2011 1507 2077 Herodis
1553 2015 1554 2019 ’

181 2125 252 2169 crem
267 2104 415 2168 Pteroro
430 2111 547 2186 patruo
563 2105 745 2188 conspirare
759 2105 860 2187 coepit
877 2105 913 2167 in
936 2124 1040 2168 necem
1064 2103 1221 2179 Herodis,
1246 2104 1384 2168 cormciir
1395 2101 1508 2186 lestinis
1553 2102 1554 2108 ’

181 2193 367 2276 quibusdam
380 2194 491 2276 reptio,
508 2194 619 2274 quibua
633 2194 757 2258 addicti
774 2194 1106 2275 santorptmsaei,
1126 2202 1400 2277 pernoctatum
1438 2190 1506 2254 Nun

180 2305 252 2347 eum
270 2282 371 2345 omnia
384 2281 529 2346 Jadoa‘co
548 2283 636 2346 notio
651 2282 970 2388 jurejarqndojidem
991 2303 1084 2365 soom
1100 2281 1234 2348 Caesari
1255 2290 1286 2346 et
1297 2283 1385 2365 reyr's
1397 2280 1506 2364 mystis

180 2373 411 2444 obstinatoset,
434 2369 497 2434 soli
515 2372 681 2453 pharisoei
702 2393 765 2436 non
780 2372 948 2478 44444444,
974 2393 1045 2435 cam
1067 2379 1167 2436 444444
1184 2392 1315 2456 numero
1329 2391 1394 2434 aea
1410 2367 1503 2432 nuidis
1552 2390 1554 2399 ’

85 2526 87 2532 ,
179 2461 325 2524 Herodes
346 2457 493 2525 4444444444
514 2458 582 2523 illis
603 2463 761 2544 irroqooit
777 2461 1012 2556 pensator-iam,
1037 2481 1131 2543 qucum
1147 2463 1210 2544 prd
1229 2462 1274 2525 iis
1292 2460 1425 2525 eoeoloit
1440 2476 1504 2522 444

180 2550 352 2615 Ρ4444444.
1551 2540 1554 2616 ἶ

267 2638 418 2711 Audisue,
439 2644 475 2700 ut
495 2637 637 2701 universa
650 2639 772 2703 Judae'a
792 2638 885 2709 fuerit
906 2636 988 2702 circa
1008 2601 1085 2702 haec
1107 2647 1247 2722 tempora
1264 2639 1317 2703 rel
1338 2634 1428 2722 paulo
1441 2643 1503 2709 autc
1548 2662 1552 2723 ς

181 2729 299 2793 omnino
315 2727 355 2791 ad
370 2728 413 2790 40
414 2727 628 2808 ,jurejurando
643 2727 783 2792 adacta
774 2748 805 2791 ru
821 2747 930 2791 nomen
946 2725 1106 2792 Caesaris
1112 2736 1145 2791 et
1158 2726 1263 2809 r'egis?
1307 2728 1444 2792 Audisne
1460 2725 1502 2786 ob
1549 2726 1552 2812 g

181 2825 335 2881 servatum
350 2835 503 2879 numemm
519 2835 634 2892 eorum,
650 2819 700 2900 qui
714 2837 775 2881 non
786 2816 971 2898 jurarunt?
992 2817 1135 2880 Potuitne
1150 2819 1208 2881 hoc
1223 2817 1330 2881 fieri
1305 2835 1373 2879 srue
1388 2814 1502 2893 descrip·
1547 2812 1551 2838 ⁸

173 2908 263 2970 tione
279 2905 412 2986 capitum
427 2904 522 2967 totius
538 2906 658 2987 gentis?
702 2907 811 2970 Nonne
828 2907 930 2970 Orosii
948 2906 1049 2969 rerba
1063 2925 1153 2988 super
1171 2906 1230 2969 hac
1250 2925 1284 2968 re
1302 2906 1391 2968 velut
1409 2923 1444 2967 ex
1458 2903 1501 2966 Jo-
1549 2954 1556 2976 ,

91 3038 96 3043 -
181 2996 276 3078 sepho
300 2996 439 3057 desumta
461 3003 547 3060 sunt.
585 2993 701 3058 Gom
686 3015 722 3059 aa
743 3015 841 3061 unum
865 2994 1016 3061 omaus«
1037 3016 1148 3059 nomen
1167 2995 1316 3058 44444444
1338 3010 1501 3077 mapsam
1544 2993 1551 3030 l

84 3162 86 3165 .
176 3084 314 3170 peritiam
328 3090 474 3146 44444444
480 3083 612 3167 juravit.
648 3083 744 3147 Simul
760 3091 862 3147 autem
875 3092 910 3147 et
925 3084 1169 3148 circumstantias
1184 3085 1341 3164 perpende
1358 3097 1501 3162 causasqm
1545 3085 1550 3154 js*

179 3173 357 3236 verisimiles
377 3172 477 3235 exacti
488 3172 668 3252 juramenti3
690 3174 824 3236 Parthus
839 3173 944 3236 ¹hostis
966 3174 1088 3255 rapiens
1103 3173 1298 3248 Armeniam,
1311 3172 1430 3236 Judaea
1443 3188 1500 3233 con·
1547 3227 1553 3253 J

179 3261 309 3325 termina
323 3262 481 3339 Parthiae,
501 3270 609 3342 gentes
625 3270 788 3343 cognatae,
802 3263 941 3325 Herodes
955 3264 1046 3343 paulo
1062 3271 1155 3344 antea
1170 3269 1332 3342 suspectus
1348 3259 1501 3325 Caesario
1545 3277 1548 3330 g

178 3371 248 3415 reus
263 3350 404 3413 turbatae
419 3350 504 3430 pacis
520 3350 654 3412 exercitu
668 3350 700 3413 iu
709 3350 856 3414 Arabiam
872 3351 972 3426 ducto,
987 3358 1020 3413 et
1035 3350 1240 3414 reconciliatio
1254 3351 1400 3431 Augusti,
1418 3345 1500 3431 procul
1545 3369 1548 3379 ‘¹

178 3440 268 3503 dubio
284 3439 537 3517 onm'conditione
552 3438 764 3521 descriptionis
780 3447 812 3501 et
822 3440 987 3520 juramenti
1001 3439 1167 3515 fidelitatis,
1183 3458 1241 3522 qno
1257 3440 1500 3520 Augustueextn

177 3536 290 3592 metum
305 3534 389 3590 esset
403 3527 581 3614 deiectionis
595 3527 779 3591 Judaeordm
794 3528 834 3591 ad
848 3528 989 3592 Parthos
1026 3531 1134 3610 ltaque
1150 3546 1176 3591 s1
1167 3528 1269 3591 haec
1284 3529 1413 3610 Josephi
1425 3525 1500 3588 rerba
1544 3531 1547 3568 -'

178 3626 261 3680 recte
277 3624 455 3698 comparata
469 3620 541 3678 sunt
555 3634 622 3680 oum
635 3618 738 3680 verbra
746 3617 858 3693 Lucae
875 3614 945 3680 etsi
949 3636 996 3680 me
1011 3637 1072 3680 non
1087 3617 1168 3681 fallit
1183 3603 1361 3697 conjectura
1376 3617 1413 3680 de
1426 3631 1548 3682 caum
1544 3635 1546 3648 ²

178 3707 279 3769 exacti
290 3705 469 3787 juramenti.
480 3705 547 3785 jam
561 3725 621 3768 nou
637 3713 758 3768 tantum
772 3706 1015 3789 hypotheticum,
1030 3706 1086 3769 sed
1099 3706 1191 3787 plane
1205 3707 1413 3769 necessarium
1425 3721 1546 3788 argt-
1544 3699 1546 3744 J

178 3802 311 3858 mentum
325 3795 471 3858 habemns
488 3790 700 3875 descriptionis
712 3795 850 3858 Judaeae
865 3814 944 3858 anno
960 3794 1012 3858 40.
1025 3801 1172 3876 peractae
1181 3801 1215 3856 et
1223 3793 1344 3859 chnstr
1354 3789 1550 3869 eoinienteJ

179 3884 258 3947 uati:
276 3883 394 3966 quando
411 3882 636 3946 etSaturninus
653 3883 763 3966 Syriae
776 3903 903 3967 praeses
918 3884 977 3947 fuit
991 3891 1023 3946 et
1037 3885 1196 3965 Augustus
1210 3883 1331 3953 Romae
1347 3892 1419 3947 aute
1431 3880 1547 3947 bieu—

178 3973 259 4037 nium
274 3991 396 4037 censum
411 3979 525 4053 egerat,
540 3973 590 4055 qui
606 3972 801 4054 sequentibus
816 3973 903 4036 aunis
919 3974 1011 4037 etiam
1025 3992 1081 4055 per
1094 3972 1267 4054 provinciae
1283 3973 1405 4037 solebat
1418 3971 1467 4054 agi.
1543 3973 1555 4053 J

227 4062 378 4125 Verum
394 4061 443 4125 hio
459 4061 538 4123 solet
548 4061 658 4141 ‘objici
681 4060 914 4143 descriptionem
934 4062 1018 4125 illam
1040 4069 1176 4145 tempore
1192 4061 1311 4125 Christi
1325 4066 1393 4127 nati
1407 4066 1497 4127 444444
1542 4060 1554 4190 J

178 4171 246 4214 esse
261 4151 346 4214 Luca
368 4157 449 4213 teste
472 4169 531 4213 non
552 4151 608 4213 sub
623 4149 802 4225 Saturnino,
824 4152 880 4214 sed
901 4151 964 4214 sub
980 4149 1116 4222 Quirinio
1140 4149 1248 4232 Syriae
1270 4153 1422 4232 praeside
1458 4148 1497 4212 stc

177 4241 255 4304 enim
277 4246 388 4303 sonant
408 4239 502 4302 verba
523 4238 645 4302 Graeca
665 4233 818 4318 Atmt‘
799 4260 959 4343 aaoypaoq
979 4261 1081 4328 spus-J
1102 4234 1245 4322 dyssaao
1228 4258 1546 4348 qyspossqonosrre
1538 4231 1552 4330 J

174 4330 287 4411 Συριας
301 4332 459 4409 Kopquoo,
475 4345 551 4411 quae
567 4327 700 4391 rerba
676 4347 720 4390 src
734 4329 830 4392 vertit
844 4325 1010 4410 interpres,
1031 4329 1109 4393 boec
1123 4329 1296 4411 descriptio
1310 4332 1416 4413 prima
1423 4330 1553 4411 scoto

174 4426 221 4482 est
234 4439 256 4481 4
267 4417 417 4501 praeside
431 4417 548 4501 Syrios
564 4415 690 4500 tyrano
735 4419 842 4499 Itaque
861 4436 917 4498 per
935 4417 1012 4481 haec
1032 4418 1169 4480 sedecim
1185 4418 1291 4481 secula
1306 4421 1389 4483 varie
1403 4419 1494 4480 rescat

176 4507 345 4588 disputata;
362 4525 430 4569 curn
444 4508 495 4570 alii
510 4525 570 4570 non
584 4512 705 4569 attento
720 4505 864 4587 Josepho,
878 4525 939 4569 non
953 4505 1175 4581 Tertulliano,
1165 4527 1198 4569 ru
1212 4507 1290 4570 baec
1299 4506 1492 4589 Evangelistac
1553 4534 1555 4562 ;

174 4596 268 4659 rerba
281 4596 369 4659 unice
384 4595 585 4676 respicerent3
609 4595 661 4659 alii
676 4595 955 4676 circumspectiores
969 4601 1163 4677 quaererent,
1183 4614 1237 4658 eur
1260 4596 1338 4660 baec
1354 4591 1490 4674 descriptio

174 4683 325 4748 diceretur
338 4684 444 4766 prima,
459 4700 525 4746 cum
540 4703 601 4747 nou
616 4691 700 4747 esset
714 4683 812 4764 prima
826 4703 922 4768 neque
936 4684 1141 4750 Romanorum
1155 4684 1266 4756 civium
1280 4703 1377 4769 neque
1390 4680 1486 4768 proriu·

174 4772 287 4838 ciarum
303 4790 398 4856 neque
412 4773 559 4848 Judaeae,
572 4779 608 4836 ut
622 4790 715 4854 supra
728 4772 850 4837 dictum
894 4775 1062 4838 Praeterea
1077 4773 1256 4855 quaesitum,
1272 4776 1323 4859 qui
1339 4771 1483 4845 tiammo
1543 4830 1546 4836 ,
